Image_Path,Brand,Product,Amount,Price
https://cdn.heinemann-shop.com/images/h69/h90/9329865293854.jpg,Veuve Clicquot,"Veuve Clicquot Brut, white Twinpack 2x0.75L, giftbox",1.5 l (€43.27 / 1 l),from €64.90
https://cdn.heinemann-shop.com/images/h00/hb9/9331337003038.jpg,Lindt,Lindt Silver Bar Dark Orange Almond 300g,300 g (€29.67 / 1000 g),from €8.90
https://cdn.heinemann-shop.com/images/hf3/ha5/9380790566942.jpg,Hennessy,Hennessy XO 40% 1L giftpack,1 l (€199.90 / 1 l),from €199.90
https://cdn.heinemann-shop.com/images/h4a/h9a/9381026234398.jpg,Anthon Berg,Anthon Berg Grand Cordials 400g,400 g (€27.25 / 1000 g),from €10.90
https://cdn.heinemann-shop.com/images/h6f/hfe/9427407601694.jpg,Paco Rabanne,Paco Rabanne Lady Million Eau de Parfum 80 ml,80 ml (€74.88 / 100 ml),from €59.90
https://cdn.heinemann-shop.com/images/ha2/h3a/9380981866526.jpg,The Famous Grouse,The Famous Grouse 40% 1L,1 l (€14.90 / 1 l),from €14.90
https://cdn.heinemann-shop.com/images/h00/h9a/9331418103838.jpg,Moët & Chandon,Moët & Chandon Brut Impérial 2x0.75L Twinpack,1.5 l (€43.27 / 1 l),from €64.90
https://cdn.heinemann-shop.com/images/h62/hc1/9327797567518.jpg,Masi,"Masi, Nectar Costasera, Amarone della Valpolicella Classico, DOCG, dry, red, 0.75L",0.75 l (€38.53 / 1 l),from €28.90
https://cdn.heinemann-shop.com/images/hb4/h02/9480278048798.jpg,Shui Jing Fang,Shui Jing Fang Forest Green 52% 0.5L,0.5 l (€319.80 / 1 l),€159.90
https://cdn.heinemann-shop.com/images/he1/h45/9379262791710.jpg,Versace,Versace Bright Crystal Absolu Eau de Parfum 50 ml,50 ml (€113.80 / 100 ml),from €56.90
https://cdn.heinemann-shop.com/images/h73/h29/9327821848606.jpg,Cazes,"Clos de Paulilles, Collioure, AOC, dry, rosé 0.75L",0.75 l (€14.53 / 1 l),€10.90
https://cdn.heinemann-shop.com/images/h47/h81/9380907909150.jpg,Jean Paul Gaultier,"Jean Paul Gaultier ""Le Mâle"" Eau de Toilette 200 ml",200 ml (€39.95 / 100 ml),from €79.90
https://cdn.heinemann-shop.com/images/h72/h18/9327822503966.jpg,Mozart,Mozart Chocolate Cream 17% 1L,1 l (€17.50 / 1 l),from €17.50
https://cdn.heinemann-shop.com/images/h7c/h94/9176954798110.jpg,Wolf Blass,Wolf Blass Priviate Release Cabernet Sauvignon 2013 0.75L,0.75 l (€11.07 / 1 l),€8.30
https://cdn.heinemann-shop.com/images/h24/h67/9177137381406.jpg,Masi,"Masi, Angelorum, Recioto della Valpolicella Classico, DOCG, sweet, red (gift box) 0.375L",0.375 l (€40.80 / 1 l),€15.30
https://cdn.heinemann-shop.com/images/h35/he7/9380896342046.jpg,Urban Decay,Urban Decay Naked 2 Palette,1 items,from €33.90
https://cdn.heinemann-shop.com/images/h12/h2b/9327845900318.jpg,Château La Tour Carnet,"Château La Tour Carnet, La Servitude Volontaire, Haut-Médoc, AOC, dry, red (wooden case) 0.75L",0.75 l (€59.87 / 1 l),€44.90
https://cdn.heinemann-shop.com/images/h73/h55/9478068961310.jpg,Lancaster,Lancaster Suncare Beauty Full Light Protection SPF50 face sunscreen 75ml,75 ml (€26.53 / 100 ml),€19.90
https://cdn.heinemann-shop.com/images/h78/h62/9471056183326.jpg,Skagen,"Skagen, Hagen, men's watch",,€105.90
https://cdn.heinemann-shop.com/images/h7d/h1c/9501272801310.jpg,Urban Decay,Urban Decay Naked 2 Palette,1 items,from €33.90
https://cdn.heinemann-shop.com/images/ha9/ha5/9331026722846.jpg,Lindt,Lindt Gold Bar White 300g,300 g (€29.67 / 1000 g),from €8.90
https://cdn.heinemann-shop.com/images/h41/hd4/9380884250654.jpg,Giorgio Armani,Giorgio Armani Code Eau de Toilette 50 ml,50 ml (€95.80 / 100 ml),from €47.90
https://cdn.heinemann-shop.com/images/h17/hf1/9330976194590.jpg,Lindt,Lindt Gold Bar Milk Raisin Hazelnut 300g,300 g (€29.67 / 1000 g),from €8.90
https://cdn.heinemann-shop.com/images/h29/hcf/9379158065182.jpg,Toblerone,Toblerone Fruit & Nut 360g,360 g (€23.06 / 1000 g),from €8.30
https://cdn.heinemann-shop.com/images/h45/hdb/9330869764126.jpg,Courvoisier,Courvoisier Artisan VSOP Triple Oak 40% 1L Giftpack,1 l (€54.90 / 1 l),from €54.90
https://cdn.heinemann-shop.com/images/h58/h1f/9301401108510.jpg,Clarins,Clarins Boosters Energy 15 ml,15 ml (€158.00 / 100 ml),€23.70
https://cdn.heinemann-shop.com/images/h38/h3a/9180587851806.jpg,Cune,"Cune, Vina Real, Reserva, Rioja, dry, red, 0,75L",0.75 l (€17.20 / 1 l),€12.90
https://cdn.heinemann-shop.com/images/h6f/h74/9329435738142.jpg,Chita,"Chita Single Grain 43% 0.7L, Giftpack",0.7 l (€65.57 / 1 l),from €45.90
https://cdn.heinemann-shop.com/images/h2a/hd0/9521454972958.jpg,Lancôme,Lancôme Juicy Shaker Lip Balm Nr. 283 berry in love,6.5 ml (€213.85 / 100 ml),€13.90
https://cdn.heinemann-shop.com/images/h90/h60/9176921997342.jpg,Weingut Krone,"Krone, Assmannshäuser Höllenberg, Spätburgunder, Rheingau, dry, red",0.75 l (€31.87 / 1 l),€23.90
https://cdn.heinemann-shop.com/images/h6d/h9d/9378981740574.jpg,L'Oréal Paris,L'Oréal Paris Color Riche Nude Addiction Lipstick Set,1 items,from €13.90
https://cdn.heinemann-shop.com/images/h05/h53/9478070894622.jpg,Thor Heyerdahl,Thor Heyerdahl XO 40% 1L,1 l (€54.90 / 1 l),€54.90
https://cdn.heinemann-shop.com/images/h79/hd6/9394532417566.jpg,Urban Decay,Urban Decay Naked Heat Palette,15.6 g (€217.31 / 100 g),from €33.90
https://cdn.heinemann-shop.com/images/h5c/h9d/9378672246814.jpg,Gucci,Gucci Bloom Eau de Parfum 100 ml,100 ml (€94.90 / 100 ml),from €94.90
https://cdn.heinemann-shop.com/images/h2b/hf7/9329207967774.jpg,Guerlain,Guerlain Kisskiss Intense Liquid Matte No. 376 Daring Pink 43 g,4 g,from €22.90
https://cdn.heinemann-shop.com/images/ha5/hfc/9491018383390.jpg,Skagen,"Skagen, Anita, women's watch",,€99.90
https://cdn.heinemann-shop.com/images/h14/h8a/9495938301982.jpg,Toblerone,Toblerone Tiny Party Bag 744g,744 g (€19.49 / 1000 g),from €14.50
https://cdn.heinemann-shop.com/images/he8/h50/9491362381854.jpg,KOMONO,"Komono, Lulu, women's sunglasses",,€29.90
https://cdn.heinemann-shop.com/images/he8/ha0/9378718449694.jpg,Lancôme,Lancôme Hypnose Mascara Set,1 items,from €14.90
https://cdn.heinemann-shop.com/images/h7a/h66/9471074566174.jpg,Swarovski,"Swarovski, women's earring",,€65.90
https://cdn.heinemann-shop.com/images/h8e/h87/9471050022942.jpg,Swarovski,"Swarovski, women's necklace",,€79.90
https://cdn.heinemann-shop.com/images/hcc/hc7/9470993793054.jpg,Swarovski,"Swarovski, women's necklace, size 38 CM",,€65.90
https://cdn.heinemann-shop.com/images/hb1/h29/9379335340062.jpg,Toblerone,Toblerone Happy Holidays 360g,360 g (€23.06 / 1000 g),from €8.30
https://cdn.heinemann-shop.com/images/hb3/hc6/9426985582622.jpg,L'Oréal Paris,L'Oréal Paris Voluminous Lash Mascara Set,1 items,from €13.90
https://cdn.heinemann-shop.com/images/hb5/h6d/9329610522654.jpg,Château Magnol,"Château Magnol, Haut-Médoc, Cru Bourgeois, Bordeaux, dry, red, 0.75L",0.75 l (€23.33 / 1 l),from €17.50
https://cdn.heinemann-shop.com/images/h1d/he2/9462887677982.jpg,Chivas,Chivas Regal 12 years old 40% 1L,1 l (€26.90 / 1 l),from €26.90
https://cdn.heinemann-shop.com/images/hff/h11/9380894965790.jpg,Jack Daniel's,Jack Daniel's 40% 1L,1 l (€21.90 / 1 l),from €21.90
https://cdn.heinemann-shop.com/images/hf6/hba/9380851089438.jpg,Bacardi,Bacardi Carta Blanca 37.5% 1L,1 l (€13.90 / 1 l),from €13.90
https://cdn.heinemann-shop.com/images/h8a/h64/9327936274462.jpg,Mouton Cadet,"Baron Philippe de Rothschild, Mouton Cadet Réserve, Bordeaux, AOC, dry, red, 0.75L",0.75 l (€12.93 / 1 l),from €9.70
https://cdn.heinemann-shop.com/images/h68/h67/9331413090334.jpg,Lindt,Lindt Silver Bar Dark Hazelnut 300g,300 g (€29.67 / 1000 g),from €8.90
https://cdn.heinemann-shop.com/images/h12/hab/9378690924574.jpg,Mugler,Thierry Mugler Alien Eau de Parfum (refillable) 90 ml,90 ml (€88.78 / 100 ml),from €79.90
https://cdn.heinemann-shop.com/images/h9d/h25/9491022020638.jpg,Skagen,"Skagen, Signatur, women's watch",,€81.90
https://cdn.heinemann-shop.com/images/hbc/hf9/9389225377822.jpg,Hennessy,Hennessy VS 1L,1 l (€35.90 / 1 l),from €35.90
https://cdn.heinemann-shop.com/images/h2c/h29/9510862979102.jpg,Biotherm,Biotherm Lait Corporel Body Care Duo 800 ml,1 items,from €28.90
https://cdn.heinemann-shop.com/images/h66/h27/9378628206622.jpg,Yves Saint Laurent,Yves Saint Laurent Black Opium Eau de Parfum 90 ml,90 ml (€99.89 / 100 ml),from €89.90
https://cdn.heinemann-shop.com/images/h18/h37/9494637838366.jpg,After Eight,After Eight Classic 400g,400 g (€18.75 / 1000 g),from €7.50
https://cdn.heinemann-shop.com/images/hfe/h00/9435352662046.jpg,Toblerone,Toblerone Gingery Orange 360g,360 g (€23.06 / 1000 g),from €8.30
https://cdn.heinemann-shop.com/images/h37/h55/9378976727070.jpg,Ritter Sport,Ritter Sport Mini Pouch 500g,500 g (€17.80 / 1000 g),from €8.90
https://cdn.heinemann-shop.com/images/h23/h78/9426486558750.jpg,M&M,M&M's Maxi pouch peanut 440g,440 g (€1.75 / 100 g),from €7.70
https://cdn.heinemann-shop.com/images/h62/h6d/9462888202270.jpg,Havana Club,Havana Club Anejo Especial 40% 1L,1 l (€19.90 / 1 l),from €19.90
https://cdn.heinemann-shop.com/images/h24/h75/9379238805534.jpg,Cointreau,Cointreau Triple Sec 40% 1L,1 l (€19.90 / 1 l),from €19.90
https://cdn.heinemann-shop.com/images/hd7/hdb/9330478350366.jpg,Metaxa,Metaxa Amphora 7* 40% 1L Giftpack,1 l (€15.90 / 1 l),from €15.90
https://cdn.heinemann-shop.com/images/h36/ha1/9379005333534.jpg,Tanqueray,Tanqueray Special Dry Gin 47.3% 1L,1 l (€18.90 / 1 l),from €18.90
https://cdn.heinemann-shop.com/images/hf7/hfd/9498646675486.jpg,Bombay,Bombay Sapphire 47% 1L,1 l (€22.90 / 1 l),from €22.90
https://cdn.heinemann-shop.com/images/h0d/h9e/9331388579870.jpg,Lindt,Lindt Silver Bar Dark 300g,300 g (€29.67 / 1000 g),from €8.90
https://cdn.heinemann-shop.com/images/h70/h8b/9381049532446.jpg,Ferrero Rocher,Ferrero Rocher 375g,375 g (€32.80 / 1000 g),from €12.30
https://cdn.heinemann-shop.com/images/hcd/h5b/9330691866654.jpg,Lindt,Lindt Gold Bar Milk 300g,300 g (€29.67 / 1000 g),from €8.90
https://cdn.heinemann-shop.com/images/h7e/h51/9380535238686.jpg,Lindt,Lindt Assorted Napolitains Carrier Box 500g,500 g (€27.00 / 1000 g),from €13.50
https://cdn.heinemann-shop.com/images/hcb/h0a/9380940709918.jpg,Giorgio Armani,Giorgio Armani Acqua di Giò pour Homme Eau de Toilette 100 ml,100 ml (€64.90 / 100 ml),from €64.90
https://cdn.heinemann-shop.com/images/hf0/hfa/9380926423070.jpg,Paco Rabanne,Paco Rabanne 1 Million Eau de Toilette 200 ml,200 ml (€39.95 / 100 ml),from €79.90
https://cdn.heinemann-shop.com/images/h8d/hc8/9476055793694.jpg,Domaine Montrose,"Domaine Montrose, Prestige, Côtes de Thongue, IGP, dry, rosé (glass closure)",0.75 l (€17.20 / 1 l),€12.90
https://cdn.heinemann-shop.com/images/h0b/h33/9379378397214.jpg,Yves Saint Laurent,Yves Saint Laurent Y Eau de Parfum 100 ml,100 ml (€74.90 / 100 ml),from €74.90
https://cdn.heinemann-shop.com/images/hb2/h42/9380597399582.jpg,M&M,M&M's Mix Pouch 400g,400 g (€19.25 / 1000 g),from €7.70
https://cdn.heinemann-shop.com/images/h1e/h90/9329032757278.jpg,Laurent-Perrier,"Laurent-Perrier, La Cuvée, Champagne, AOC, brut, white",0.75 l (€53.20 / 1 l),€39.90
https://cdn.heinemann-shop.com/images/h0a/hc5/9380845649950.jpg,Maltesers,Maltesers pouch XL 300g,300 g (€25.67 / 1000 g),from €7.70
https://cdn.heinemann-shop.com/images/h18/h92/9390195408926.jpg,Baileys,Baileys Irish Cream 17% 1L,1 l (€17.50 / 1 l),from €17.50
https://cdn.heinemann-shop.com/images/h8b/ha2/9378803908638.jpg,M&M,M&M's Maxi pouch choco 440g,440 g (€1.75 / 100 g),from €7.70
https://cdn.heinemann-shop.com/images/h44/hf2/9462443868190.jpg,Zacapa,Zacapa 40% 1L,1 l (€54.90 / 1 l),from €54.90
https://cdn.heinemann-shop.com/images/h2d/h46/9494634790942.jpg,Paco Rabanne,Paco Rabanne 1 Million Eau de Toilette 100 ml,100 ml (€54.90 / 100 ml),from €54.90
https://cdn.heinemann-shop.com/images/hb1/hd4/9435839397918.jpg,Clarins,Clarins Bodycare Creme Jeunesse des Mains 100 ml,100 ml (€14.90 / 100 ml),from €14.90
https://cdn.heinemann-shop.com/images/h98/h21/9379320135710.jpg,Boss,Boss The Scent For Him Eau de Toilette 50 ml,50 ml (€109.80 / 100 ml),from €54.90
https://cdn.heinemann-shop.com/images/haf/h1f/9329374625822.jpg,Lindt,Lindt Gold Bar Milk Crunchy Nougat 300g,300 g (€29.67 / 1000 g),from €8.90
https://cdn.heinemann-shop.com/images/h61/h9f/9379137552414.jpg,Toblerone,Toblerone Gold 360g,360 g (€23.06 / 1000 g),from €8.30
https://cdn.heinemann-shop.com/images/h29/h24/9379168256030.jpg,Toblerone,Toblerone Dark 360g,360 g (€23.06 / 1000 g),from €8.30
https://cdn.heinemann-shop.com/images/hb4/h91/9329422139422.jpg,Lindt,Lindt Silver Bar Dark Berry Almond 300g,300 g (€29.67 / 1000 g),from €8.90
https://cdn.heinemann-shop.com/images/h9a/h15/9478067421214.jpg,L'Occitane en Provence,L'Occitane en Provence Hugs and Kisses Set,1 items,€11.90
https://cdn.heinemann-shop.com/images/h88/h03/9378991570974.jpg,L'Oréal Paris,L'Oréal Paris Color Riche Red Addiction Lipstick Set,1 items,from €13.90
https://cdn.heinemann-shop.com/images/h81/hdf/9491024314398.jpg,La-tweez,"LaTweez, gift, beauty / wellness, la-tweez pink pet",,€10.90
https://cdn.heinemann-shop.com/images/h5d/hb5/9462887448606.jpg,Absolut,Absolut 40% 1L,1 l (€15.90 / 1 l),from €15.90
https://cdn.heinemann-shop.com/images/h7a/h35/9329248829470.jpg,La Motte,"La Motte, Syrah, Wine of Origin, Coastal Region, dry, red, 0.75L",0.75 l (€21.20 / 1 l),€15.90
https://cdn.heinemann-shop.com/images/hf4/hf8/9380967677982.jpg,L'Oréal Paris,L'Oréal Paris Mega Volume Collagene Mascara Duo,1 items,from €11.90
https://cdn.heinemann-shop.com/images/h48/h5a/9515086708766.jpg,Lancôme,Lancôme La vie est Belle Eau de Parfum 100 ml,100 ml (€79.90 / 100 ml),from €79.90
https://cdn.heinemann-shop.com/images/hd5/h2d/9380765958174.jpg,Biotherm,Biotherm Moisturizing Lait Corporel Anti-Drying Body Milk 400 ml,400 ml (€39.75 / 1000 ml),from €15.90
https://cdn.heinemann-shop.com/images/h4d/hf6/9378829598750.jpg,Giorgio Armani,Giorgio Armani Sì Eau de Parfum 50 ml,50 ml (€129.80 / 100 ml),from €64.90
https://cdn.heinemann-shop.com/images/h2a/h18/9521460215838.jpg,Chloé,Chloé Eau de Parfum 75 ml,75 ml (€106.53 / 100 ml),from €79.90
https://cdn.heinemann-shop.com/images/hb7/h2e/9378907619358.jpg,L'Oréal Paris,L'Oréal Paris So Couture Mascara Set,1 items,from €14.90
https://cdn.heinemann-shop.com/images/h00/hb9/9331337003038.jpg,Lindt,Lindt Silver Bar Dark Orange Almond 300g,300 g (€29.67 / 1000 g),from €8.90
https://cdn.heinemann-shop.com/images/h62/hc1/9327797567518.jpg,Masi,"Masi, Nectar Costasera, Amarone della Valpolicella Classico, DOCG, dry, red, 0.75L",0.75 l (€38.53 / 1 l),from €28.90
https://cdn.heinemann-shop.com/images/hb4/h02/9480278048798.jpg,Shui Jing Fang,Shui Jing Fang Forest Green 52% 0.5L,0.5 l (€319.80 / 1 l),€159.90
https://cdn.heinemann-shop.com/images/he1/h45/9379262791710.jpg,Versace,Versace Bright Crystal Absolu Eau de Parfum 50 ml,50 ml (€113.80 / 100 ml),from €56.90
https://cdn.heinemann-shop.com/images/h73/h29/9327821848606.jpg,Cazes,"Clos de Paulilles, Collioure, AOC, dry, rosé 0.75L",0.75 l (€14.53 / 1 l),€10.90
https://cdn.heinemann-shop.com/images/h47/h81/9380907909150.jpg,Jean Paul Gaultier,"Jean Paul Gaultier ""Le Mâle"" Eau de Toilette 200 ml",200 ml (€39.95 / 100 ml),from €79.90
https://cdn.heinemann-shop.com/images/h72/h18/9327822503966.jpg,Mozart,Mozart Chocolate Cream 17% 1L,1 l (€17.50 / 1 l),from €17.50
https://cdn.heinemann-shop.com/images/h7c/h94/9176954798110.jpg,Wolf Blass,Wolf Blass Priviate Release Cabernet Sauvignon 2013 0.75L,0.75 l (€11.07 / 1 l),€8.30
https://cdn.heinemann-shop.com/images/h35/he7/9380896342046.jpg,Urban Decay,Urban Decay Naked 2 Palette,1 items,from €33.90
https://cdn.heinemann-shop.com/images/h12/h2b/9327845900318.jpg,Château La Tour Carnet,"Château La Tour Carnet, La Servitude Volontaire, Haut-Médoc, AOC, dry, red (wooden case) 0.75L",0.75 l (€59.87 / 1 l),€44.90
https://cdn.heinemann-shop.com/images/h73/h55/9478068961310.jpg,Lancaster,Lancaster Suncare Beauty Full Light Protection SPF50 face sunscreen 75ml,75 ml (€26.53 / 100 ml),€19.90
https://cdn.heinemann-shop.com/images/h29/hcf/9379158065182.jpg,Toblerone,Toblerone Fruit & Nut 360g,360 g (€23.06 / 1000 g),from €8.30
https://cdn.heinemann-shop.com/images/h45/hdb/9330869764126.jpg,Courvoisier,Courvoisier Artisan VSOP Triple Oak 40% 1L Giftpack,1 l (€54.90 / 1 l),from €54.90
https://cdn.heinemann-shop.com/images/h58/h1f/9301401108510.jpg,Clarins,Clarins Boosters Energy 15 ml,15 ml (€158.00 / 100 ml),€23.70
https://cdn.heinemann-shop.com/images/h38/h3a/9180587851806.jpg,Cune,"Cune, Vina Real, Reserva, Rioja, dry, red, 0,75L",0.75 l (€17.20 / 1 l),€12.90
https://cdn.heinemann-shop.com/images/h6f/h74/9329435738142.jpg,Chita,"Chita Single Grain 43% 0.7L, Giftpack",0.7 l (€65.57 / 1 l),from €45.90
https://cdn.heinemann-shop.com/images/h2a/hd0/9521454972958.jpg,Lancôme,Lancôme Juicy Shaker Lip Balm Nr. 283 berry in love,6.5 ml (€213.85 / 100 ml),€13.90
https://cdn.heinemann-shop.com/images/h90/h60/9176921997342.jpg,Weingut Krone,"Krone, Assmannshäuser Höllenberg, Spätburgunder, Rheingau, dry, red",0.75 l (€31.87 / 1 l),€23.90
https://cdn.heinemann-shop.com/images/h69/h90/9329865293854.jpg,Veuve Clicquot,"Veuve Clicquot Brut, white Twinpack 2x0.75L, giftbox",1.5 l (€43.27 / 1 l),from €64.90
https://cdn.heinemann-shop.com/images/ha9/ha5/9331026722846.jpg,Lindt,Lindt Gold Bar White 300g,300 g (€29.67 / 1000 g),from €8.90
https://cdn.heinemann-shop.com/images/h41/hd4/9380884250654.jpg,Giorgio Armani,Giorgio Armani Code Eau de Toilette 50 ml,50 ml (€95.80 / 100 ml),from €47.90
https://cdn.heinemann-shop.com/images/h17/hf1/9330976194590.jpg,Lindt,Lindt Gold Bar Milk Raisin Hazelnut 300g,300 g (€29.67 / 1000 g),from €8.90
https://cdn.heinemann-shop.com/images/hf3/ha5/9380790566942.jpg,Hennessy,Hennessy XO 40% 1L giftpack,1 l (€199.90 / 1 l),from €199.90
https://cdn.heinemann-shop.com/images/h4a/h9a/9381026234398.jpg,Anthon Berg,Anthon Berg Grand Cordials 400g,400 g (€27.25 / 1000 g),from €10.90
https://cdn.heinemann-shop.com/images/h6f/hfe/9427407601694.jpg,Paco Rabanne,Paco Rabanne Lady Million Eau de Parfum 80 ml,80 ml (€74.88 / 100 ml),from €59.90
https://cdn.heinemann-shop.com/images/ha2/h3a/9380981866526.jpg,The Famous Grouse,The Famous Grouse 40% 1L,1 l (€14.90 / 1 l),from €14.90
https://cdn.heinemann-shop.com/images/h00/h9a/9331418103838.jpg,Moët & Chandon,Moët & Chandon Brut Impérial 2x0.75L Twinpack,1.5 l (€43.27 / 1 l),from €64.90
https://cdn.heinemann-shop.com/images/h24/h67/9177137381406.jpg,Masi,"Masi, Angelorum, Recioto della Valpolicella Classico, DOCG, sweet, red (gift box) 0.375L",0.375 l (€40.80 / 1 l),€15.30
https://cdn.heinemann-shop.com/images/h6d/h9d/9378981740574.jpg,L'Oréal Paris,L'Oréal Paris Color Riche Nude Addiction Lipstick Set,1 items,from €13.90
https://cdn.heinemann-shop.com/images/h05/h53/9478070894622.jpg,Thor Heyerdahl,Thor Heyerdahl XO 40% 1L,1 l (€54.90 / 1 l),€54.90
https://cdn.heinemann-shop.com/images/h79/hd6/9394532417566.jpg,Urban Decay,Urban Decay Naked Heat Palette,15.6 g (€217.31 / 100 g),from €33.90
https://cdn.heinemann-shop.com/images/h5c/h9d/9378672246814.jpg,Gucci,Gucci Bloom Eau de Parfum 100 ml,100 ml (€94.90 / 100 ml),from €94.90
https://cdn.heinemann-shop.com/images/ha5/hfc/9491018383390.jpg,Skagen,"Skagen, Anita, women's watch",,€99.90
https://cdn.heinemann-shop.com/images/h7d/h1c/9501272801310.jpg,Urban Decay,Urban Decay Naked 2 Palette,1 items,from €33.90
https://cdn.heinemann-shop.com/images/h2b/hf7/9329207967774.jpg,Guerlain,Guerlain Kisskiss Intense Liquid Matte No. 376 Daring Pink 43 g,4 g,from €22.90
https://cdn.heinemann-shop.com/images/h78/h62/9471056183326.jpg,Skagen,"Skagen, Hagen, men's watch",,€105.90
https://cdn.heinemann-shop.com/images/h14/h8a/9495938301982.jpg,Toblerone,Toblerone Tiny Party Bag 744g,744 g (€19.49 / 1000 g),from €14.50
https://cdn.heinemann-shop.com/images/he8/h50/9491362381854.jpg,KOMONO,"Komono, Lulu, women's sunglasses",,€29.90
https://cdn.heinemann-shop.com/images/he8/ha0/9378718449694.jpg,Lancôme,Lancôme Hypnose Mascara Set,1 items,from €14.90
https://cdn.heinemann-shop.com/images/h7a/h66/9471074566174.jpg,Swarovski,"Swarovski, women's earring",,€65.90
https://cdn.heinemann-shop.com/images/h8e/h87/9471050022942.jpg,Swarovski,"Swarovski, women's necklace",,€79.90
https://cdn.heinemann-shop.com/images/hcc/hc7/9470993793054.jpg,Swarovski,"Swarovski, women's necklace, size 38 CM",,€65.90
https://cdn.heinemann-shop.com/images/hb1/h29/9379335340062.jpg,Toblerone,Toblerone Happy Holidays 360g,360 g (€23.06 / 1000 g),from €8.30
https://cdn.heinemann-shop.com/images/hb5/h6d/9329610522654.jpg,Château Magnol,"Château Magnol, Haut-Médoc, Cru Bourgeois, Bordeaux, dry, red, 0.75L",0.75 l (€23.33 / 1 l),from €17.50
https://cdn.heinemann-shop.com/images/h1d/he2/9462887677982.jpg,Chivas,Chivas Regal 12 years old 40% 1L,1 l (€26.90 / 1 l),from €26.90
https://cdn.heinemann-shop.com/images/hff/h11/9380894965790.jpg,Jack Daniel's,Jack Daniel's 40% 1L,1 l (€21.90 / 1 l),from €21.90
https://cdn.heinemann-shop.com/images/hf6/hba/9380851089438.jpg,Bacardi,Bacardi Carta Blanca 37.5% 1L,1 l (€13.90 / 1 l),from €13.90
https://cdn.heinemann-shop.com/images/h8a/h64/9327936274462.jpg,Mouton Cadet,"Baron Philippe de Rothschild, Mouton Cadet Réserve, Bordeaux, AOC, dry, red, 0.75L",0.75 l (€12.93 / 1 l),from €9.70
https://cdn.heinemann-shop.com/images/h68/h67/9331413090334.jpg,Lindt,Lindt Silver Bar Dark Hazelnut 300g,300 g (€29.67 / 1000 g),from €8.90
https://cdn.heinemann-shop.com/images/h12/hab/9378690924574.jpg,Mugler,Thierry Mugler Alien Eau de Parfum (refillable) 90 ml,90 ml (€88.78 / 100 ml),from €79.90
https://cdn.heinemann-shop.com/images/h9d/h25/9491022020638.jpg,Skagen,"Skagen, Signatur, women's watch",,€81.90
https://cdn.heinemann-shop.com/images/h1c/h57/9176789942302.jpg,Wittmann,"Weingut Wittmann, Weisser Burgunder, Chardonnay, Alte Reben, Rheinhessen, dry,white (organic) 0.75L",0.75 l (€27.87 / 1 l),€20.90
https://cdn.heinemann-shop.com/images/h84/ha6/9180527165470.jpg,Cune,"Cune, Gran Reserva, Rioja, DOCa, dry, red 0.75L",0.75 l (€24.67 / 1 l),€18.50
https://cdn.heinemann-shop.com/images/hbb/h6c/9491361366046.jpg,Ucon Acrobatics,"Ucon Acrobatics, unisex belt pouch in grey made of recycled polyester from pet-bottles",,€26.90
https://cdn.heinemann-shop.com/images/h34/hee/9104484335646.jpg,Burberry,Mr Burberry Set,1 items,€52.90
https://cdn.heinemann-shop.com/images/hbd/h8f/9380547493918.jpg,Clarins,Clarins Sun Care Face Mineral Sun Care Fluid SPF 30 30 ml,30 ml (€51.67 / 100 ml),from €15.50
https://cdn.heinemann-shop.com/images/h27/h82/9501275619358.jpg,Urban Decay,Urban Decay Naked Heat Palette,1 items,from €33.90
https://cdn.heinemann-shop.com/images/h2d/hc9/9390183841822.jpg,Bottega,"Bottega, Venezia, Venediká, Venetien, DOC, dry, red 0.75L",0.75 l (€18.53 / 1 l),€13.90
https://cdn.heinemann-shop.com/images/h9d/hd7/9330044960798.jpg,Lindt,Gold Bar Milk Almond Pistachio 300g,300 g (€29.67 / 1000 g),from €8.90
https://cdn.heinemann-shop.com/images/hb3/h43/9489731747870.jpg,Gérard Bertrand,"Gérard Bertrand, Hampton Water, Languedoc, AOP, dry, rosé (glas closure) 0.75L",0.75 l (€19.87 / 1 l),€14.90
https://cdn.heinemann-shop.com/images/h2c/hc2/9380874256414.jpg,Lancôme,Lancôme Idôle Eau de Parfum 75 ml,75 ml (€93.20 / 100 ml),from €69.90
https://cdn.heinemann-shop.com/images/had/h9d/9480275460126.jpg,Yves Saint Laurent,Yves Saint Laurent Libre Eau de Parfum 50 ml,50 ml (€139.80 / 100 ml),from €69.90
https://cdn.heinemann-shop.com/images/hca/h2d/9395624575006.jpg,Lindt,Lindt Assorted Napolitains Carrier Box with Pretzel 500g,500 g (€27.00 / 1000 g),from €13.50
https://cdn.heinemann-shop.com/images/heb/h76/9387477172254.jpg,Lindt,Lindt Gold Bar Milk Pretzel 300g,300 g (€29.67 / 1000 g),from €8.90
https://cdn.heinemann-shop.com/images/ha7/h9a/9501270900766.jpg,Urban Decay,Urban decay Naked Honey Palette,1 items,from €33.90
https://cdn.heinemann-shop.com/images/h47/h31/9495938629662.jpg,Nuxe,Nuxe Huile Prodigieuse Body Oil 2020 Coral 100 ml,100 ml (€19.90 / 100 ml),from €19.90
https://cdn.heinemann-shop.com/images/h65/he5/9495939121182.jpg,Nuxe,Nuxe Huile Prodigieuse Body Oil 2020 Blue 100 ml,100 ml (€19.90 / 100 ml),from €19.90
https://cdn.heinemann-shop.com/images/hfa/h76/9495939612702.jpg,Nuxe,Nuxe Huile Prodigieuse Body Oil 2020 Yell 100 ml,100 ml (€19.90 / 100 ml),from €19.90
https://cdn.heinemann-shop.com/images/h8d/hc8/9476055793694.jpg,Domaine Montrose,"Domaine Montrose, Prestige, Côtes de Thongue, IGP, dry, rosé (glass closure)",0.75 l (€17.20 / 1 l),€12.90
https://cdn.heinemann-shop.com/images/h0b/h33/9379378397214.jpg,Yves Saint Laurent,Yves Saint Laurent Y Eau de Parfum 100 ml,100 ml (€74.90 / 100 ml),from €74.90
https://cdn.heinemann-shop.com/images/hb2/h42/9380597399582.jpg,M&M,M&M's Mix Pouch 400g,400 g (€19.25 / 1000 g),from €7.70
https://cdn.heinemann-shop.com/images/h1e/h90/9329032757278.jpg,Laurent-Perrier,"Laurent-Perrier, La Cuvée, Champagne, AOC, brut, white",0.75 l (€53.20 / 1 l),€39.90
https://cdn.heinemann-shop.com/images/h0a/hc5/9380845649950.jpg,Maltesers,Maltesers pouch XL 300g,300 g (€25.67 / 1000 g),from €7.70
https://cdn.heinemann-shop.com/images/h18/h92/9390195408926.jpg,Baileys,Baileys Irish Cream 17% 1L,1 l (€17.50 / 1 l),from €17.50
https://cdn.heinemann-shop.com/images/h8b/ha2/9378803908638.jpg,M&M,M&M's Maxi pouch choco 440g,440 g (€1.75 / 100 g),from €7.70
https://cdn.heinemann-shop.com/images/h44/hf2/9462443868190.jpg,Zacapa,Zacapa 40% 1L,1 l (€54.90 / 1 l),from €54.90
https://cdn.heinemann-shop.com/images/h2d/h46/9494634790942.jpg,Paco Rabanne,Paco Rabanne 1 Million Eau de Toilette 100 ml,100 ml (€54.90 / 100 ml),from €54.90
https://cdn.heinemann-shop.com/images/hb1/hd4/9435839397918.jpg,Clarins,Clarins Bodycare Creme Jeunesse des Mains 100 ml,100 ml (€14.90 / 100 ml),from €14.90
https://cdn.heinemann-shop.com/images/h98/h21/9379320135710.jpg,Boss,Boss The Scent For Him Eau de Toilette 50 ml,50 ml (€109.80 / 100 ml),from €54.90
https://cdn.heinemann-shop.com/images/hb3/hc6/9426985582622.jpg,L'Oréal Paris,L'Oréal Paris Voluminous Lash Mascara Set,1 items,from €13.90
https://cdn.heinemann-shop.com/images/h5d/hb5/9462887448606.jpg,Absolut,Absolut 40% 1L,1 l (€15.90 / 1 l),from €15.90
https://cdn.heinemann-shop.com/images/h7a/h35/9329248829470.jpg,La Motte,"La Motte, Syrah, Wine of Origin, Coastal Region, dry, red, 0.75L",0.75 l (€21.20 / 1 l),€15.90
https://cdn.heinemann-shop.com/images/hf4/hf8/9380967677982.jpg,L'Oréal Paris,L'Oréal Paris Mega Volume Collagene Mascara Duo,1 items,from €11.90
https://cdn.heinemann-shop.com/images/h48/h5a/9515086708766.jpg,Lancôme,Lancôme La vie est Belle Eau de Parfum 100 ml,100 ml (€79.90 / 100 ml),from €79.90
https://cdn.heinemann-shop.com/images/hd5/h2d/9380765958174.jpg,Biotherm,Biotherm Moisturizing Lait Corporel Anti-Drying Body Milk 400 ml,400 ml (€39.75 / 1000 ml),from €15.90
https://cdn.heinemann-shop.com/images/h4d/hf6/9378829598750.jpg,Giorgio Armani,Giorgio Armani Sì Eau de Parfum 50 ml,50 ml (€129.80 / 100 ml),from €64.90
https://cdn.heinemann-shop.com/images/h2a/h18/9521460215838.jpg,Chloé,Chloé Eau de Parfum 75 ml,75 ml (€106.53 / 100 ml),from €79.90
https://cdn.heinemann-shop.com/images/hb7/h2e/9378907619358.jpg,L'Oréal Paris,L'Oréal Paris So Couture Mascara Set,1 items,from €14.90
https://cdn.heinemann-shop.com/images/h4e/hc5/9407580667934.jpg,Urban Decay,Urban decay Naked Honey Palette,1 items,from €33.90
https://cdn.heinemann-shop.com/images/hbc/hf9/9389225377822.jpg,Hennessy,Hennessy VS 1L,1 l (€35.90 / 1 l),from €35.90
https://cdn.heinemann-shop.com/images/h2c/h29/9510862979102.jpg,Biotherm,Biotherm Lait Corporel Body Care Duo 800 ml,1 items,from €28.90
https://cdn.heinemann-shop.com/images/h66/h27/9378628206622.jpg,Yves Saint Laurent,Yves Saint Laurent Black Opium Eau de Parfum 90 ml,90 ml (€99.89 / 100 ml),from €89.90
https://cdn.heinemann-shop.com/images/h18/h37/9494637838366.jpg,After Eight,After Eight Classic 400g,400 g (€18.75 / 1000 g),from €7.50
https://cdn.heinemann-shop.com/images/hfe/h00/9435352662046.jpg,Toblerone,Toblerone Gingery Orange 360g,360 g (€23.06 / 1000 g),from €8.30
https://cdn.heinemann-shop.com/images/h37/h55/9378976727070.jpg,Ritter Sport,Ritter Sport Mini Pouch 500g,500 g (€17.80 / 1000 g),from €8.90
https://cdn.heinemann-shop.com/images/h23/h78/9426486558750.jpg,M&M,M&M's Maxi pouch peanut 440g,440 g (€1.75 / 100 g),from €7.70
https://cdn.heinemann-shop.com/images/h00/hb9/9331337003038.jpg,Lindt,Lindt Silver Bar Dark Orange Almond 300g,300 g (€29.67 / 1000 g),from €8.90
https://cdn.heinemann-shop.com/images/ha9/ha5/9331026722846.jpg,Lindt,Lindt Gold Bar White 300g,300 g (€29.67 / 1000 g),from €8.90
https://cdn.heinemann-shop.com/images/h17/hf1/9330976194590.jpg,Lindt,Lindt Gold Bar Milk Raisin Hazelnut 300g,300 g (€29.67 / 1000 g),from €8.90
https://cdn.heinemann-shop.com/images/h29/hcf/9379158065182.jpg,Toblerone,Toblerone Fruit & Nut 360g,360 g (€23.06 / 1000 g),from €8.30
https://cdn.heinemann-shop.com/images/hb1/h29/9379335340062.jpg,Toblerone,Toblerone Happy Holidays 360g,360 g (€23.06 / 1000 g),from €8.30
https://cdn.heinemann-shop.com/images/h68/h67/9331413090334.jpg,Lindt,Lindt Silver Bar Dark Hazelnut 300g,300 g (€29.67 / 1000 g),from €8.90
https://cdn.heinemann-shop.com/images/h18/h37/9494637838366.jpg,After Eight,After Eight Classic 400g,400 g (€18.75 / 1000 g),from €7.50
https://cdn.heinemann-shop.com/images/hfe/h00/9435352662046.jpg,Toblerone,Toblerone Gingery Orange 360g,360 g (€23.06 / 1000 g),from €8.30
https://cdn.heinemann-shop.com/images/h23/h78/9426486558750.jpg,M&M,M&M's Maxi pouch peanut 440g,440 g (€1.75 / 100 g),from €7.70
https://cdn.heinemann-shop.com/images/h0d/h9e/9331388579870.jpg,Lindt,Lindt Silver Bar Dark 300g,300 g (€29.67 / 1000 g),from €8.90
https://cdn.heinemann-shop.com/images/h70/h8b/9381049532446.jpg,Ferrero Rocher,Ferrero Rocher 375g,375 g (€32.80 / 1000 g),from €12.30
https://cdn.heinemann-shop.com/images/hcd/h5b/9330691866654.jpg,Lindt,Lindt Gold Bar Milk 300g,300 g (€29.67 / 1000 g),from €8.90
https://cdn.heinemann-shop.com/images/hb2/h42/9380597399582.jpg,M&M,M&M's Mix Pouch 400g,400 g (€19.25 / 1000 g),from €7.70
https://cdn.heinemann-shop.com/images/h0a/hc5/9380845649950.jpg,Maltesers,Maltesers pouch XL 300g,300 g (€25.67 / 1000 g),from €7.70
https://cdn.heinemann-shop.com/images/h8b/ha2/9378803908638.jpg,M&M,M&M's Maxi pouch choco 440g,440 g (€1.75 / 100 g),from €7.70
https://cdn.heinemann-shop.com/images/haf/h1f/9329374625822.jpg,Lindt,Lindt Gold Bar Milk Crunchy Nougat 300g,300 g (€29.67 / 1000 g),from €8.90
https://cdn.heinemann-shop.com/images/h61/h9f/9379137552414.jpg,Toblerone,Toblerone Gold 360g,360 g (€23.06 / 1000 g),from €8.30
https://cdn.heinemann-shop.com/images/h29/h24/9379168256030.jpg,Toblerone,Toblerone Dark 360g,360 g (€23.06 / 1000 g),from €8.30
https://cdn.heinemann-shop.com/images/hb4/h91/9329422139422.jpg,Lindt,Lindt Silver Bar Dark Berry Almond 300g,300 g (€29.67 / 1000 g),from €8.90
https://cdn.heinemann-shop.com/images/hd5/h2d/9380765958174.jpg,Biotherm,Biotherm Moisturizing Lait Corporel Anti-Drying Body Milk 400 ml,400 ml (€39.75 / 1000 ml),from €15.90
https://cdn.heinemann-shop.com/images/h9d/hd7/9330044960798.jpg,Lindt,Gold Bar Milk Almond Pistachio 300g,300 g (€29.67 / 1000 g),from €8.90
https://cdn.heinemann-shop.com/images/heb/h76/9387477172254.jpg,Lindt,Lindt Gold Bar Milk Pretzel 300g,300 g (€29.67 / 1000 g),from €8.90
https://cdn.heinemann-shop.com/images/h10/hee/9379148562462.jpg,Toblerone,Toblerone White 360g,360 g (€23.06 / 1000 g),from €8.30
https://cdn.heinemann-shop.com/images/h16/hea/9495940857886.jpg,Toblerone,Toblerone Messages 360g,360 g (€23.06 / 1000 g),from €8.30
https://cdn.heinemann-shop.com/images/hc9/hdb/9423003254814.jpg,Toblerone,Toblerone Crunchy Almonds 360g,360 g (€23.06 / 1000 g),from €8.30
https://cdn.heinemann-shop.com/images/h68/h55/9330921865246.jpg,Lindt,Lindt Gold Bar Milk Hazelnut 300g,300 g (€29.67 / 1000 g),from €8.90
https://cdn.heinemann-shop.com/images/h22/h18/9331050119198.jpg,Lindt,Lindt Gold Bar Milk Almond 300g,300 g (€29.67 / 1000 g),from €8.90
https://cdn.heinemann-shop.com/images/hf9/h71/9339669184542.jpg,Pischinger,Pischinger Neapolitan Mini 175g,175 g (€1.89 / 100 g),from €3.30
https://cdn.heinemann-shop.com/images/hff/h3f/9327889285150.jpg,Lindt,Lindt Silver Bar Dark Sea Salt Almond 300g,300 g (€29.67 / 1000 g),from €8.90
https://cdn.heinemann-shop.com/images/h33/h30/9364546289694.jpg,Meinl,Julius Meinl Wiener Melange whole Beans 250g,250 g (€34.00 / 1000 g),from €8.50
https://cdn.heinemann-shop.com/images/hf3/h58/9364547534878.jpg,Meinl,Julius Meinl Wiener Mokka whole Beans 250g,250 g (€34.00 / 1000 g),from €8.50
https://cdn.heinemann-shop.com/images/h27/h20/9364519976990.jpg,Meinl,Julius Meinl Wiener Espresso whole Beans 250g,250 g (€34.00 / 1000 g),from €8.50
https://cdn.heinemann-shop.com/images/h62/h62/9341022208030.jpg,Pischinger,Pischinger caramel wafers minis 175g,175 g (€1.89 / 100 g),from €3.30
https://cdn.heinemann-shop.com/images/hc6/h7f/9380749443102.jpg,Cerruti,Cerruti 1881 Homme Eau de Toilette 50 ml,50 ml (€39.80 / 100 ml),from €19.90
https://cdn.heinemann-shop.com/images/h6a/h96/9380733845534.jpg,Moschino,Moschino Pink Bouquet Eau de Toilette 50 ml,50 ml (€39.80 / 100 ml),from €19.90
https://cdn.heinemann-shop.com/images/hea/h7a/9378610151454.jpg,Karl Lagerfeld,Karl Lagerfeld Lagerfeld Classic Eau de Toilette 50 ml,50 ml (€39.80 / 100 ml),€19.90
https://cdn.heinemann-shop.com/images/hdf/h99/9380695605278.jpg,Elizabeth Arden,Elizabeth Arden Sunflowers Eau de Toilette 100 ml,100 ml (€19.90 / 100 ml),from €19.90
https://cdn.heinemann-shop.com/images/hb6/he9/9378707111966.jpg,Moschino,Moschino Uomo Eau de Toilette 75 ml,75 ml (€26.53 / 100 ml),from €19.90
https://cdn.heinemann-shop.com/images/h04/h55/9380919607326.jpg,Shakira,Shakira S by Shakira Eau de Toilette 80 ml,80 ml (€24.88 / 100 ml),€19.90
https://cdn.heinemann-shop.com/images/h6c/hb2/9378807480350.jpg,Antonio Banderas,Antonio Banderas Her Secret Temptation Eau de Toilette 80 ml,80 ml (€24.88 / 100 ml),from €19.90
https://cdn.heinemann-shop.com/images/h65/hab/9378642821150.jpg,Antonio Banderas,Antonio Banderas The Secret Temptation Eau de Toilette 100 ml,100 ml (€19.90 / 100 ml),€19.90
https://cdn.heinemann-shop.com/images/hc7/h3b/9380582588446.jpg,Elizabeth Arden,Elizabeth Arden Sunflowers Sunlit Showers Eau de Toilette 100 ml,100 ml (€19.90 / 100 ml),€19.90
https://cdn.heinemann-shop.com/images/hd6/h6b/9403582644254.jpg,Escada,Escada Celebrate Now Eau de Parfum 30 ml,30 ml (€66.33 / 100 ml),from €19.90
https://cdn.heinemann-shop.com/images/h83/hdb/9407577620510.jpg,Boss,Boss Orange Man Eau de Toilette 40 ml,40 ml (€49.75 / 100 ml),from €19.90
https://cdn.heinemann-shop.com/images/h9b/h3f/9480264187934.jpg,Boss,Boss Orange Woman Eau de Toilette 30 ml,30 ml (€66.33 / 100 ml),from €19.90
https://cdn.heinemann-shop.com/images/h37/hc0/9399724507166.jpg,Elizabeth Arden,Elizabeth Arden 5th Avenue NYC Eau de Parfum 75 ml,75 ml (€26.53 / 100 ml),from €19.90
https://cdn.heinemann-shop.com/images/hb3/h6b/9380726308894.jpg,Davidoff Parfums,Davidoff Cool Water Woman Eau de Toilette 30 ml,30 ml (€66.33 / 100 ml),€19.90
https://cdn.heinemann-shop.com/images/h7d/hc6/9380682825758.jpg,Polo Ralph Lauren,Ralph Lauren Big Pony Women N°2 Pink Eau de Toilette 50 ml,50 ml (€39.80 / 100 ml),from €19.90
https://cdn.heinemann-shop.com/images/h1f/h6c/9380672241694.jpg,Calvin Klein,Calvin Klein CK One Eau de Toilette 50 ml,50 ml (€39.80 / 100 ml),from €19.90
https://cdn.heinemann-shop.com/images/h39/h9a/9389217021982.jpg,Jil Sander,Jil Sander Sun Men Eau de Toilette Spray 75 ml,75 ml (€26.53 / 100 ml),from €19.90
https://cdn.heinemann-shop.com/images/hee/h7c/9380552015902.jpg,Jil Sander,Jil Sander Sun Eau de Toilette 75 ml,75 ml (€26.53 / 100 ml),from €19.90
https://cdn.heinemann-shop.com/images/h27/h4d/9380635082782.jpg,Versace,Versace Red Jeans Eau de Toilette 75 ml,75 ml (€26.53 / 100 ml),from €19.90
https://cdn.heinemann-shop.com/images/h18/h50/9498642907166.jpg,Elizabeth Arden,Elizabeth Arden Green Tea Eau de Toilette 100 ml,100 ml (€19.90 / 100 ml),from €19.90
https://cdn.heinemann-shop.com/images/h49/h6f/9380701601822.jpg,Versace,Versace Blue Jeans Man Eau de Toilette 75 ml,75 ml (€26.53 / 100 ml),from €19.90
https://cdn.heinemann-shop.com/images/he6/h08/9380837097502.jpg,Paco Rabanne,Paco Rabanne Paco Eau de Toilette 100 ml,100 ml (€19.90 / 100 ml),from €19.90
https://cdn.heinemann-shop.com/images/h8f/hcd/9380856463390.jpg,Moschino,Moschino Funny Eau de Toilette 50 ml,50 ml (€39.80 / 100 ml),from €19.90
https://cdn.heinemann-shop.com/images/h0e/hb8/9379294707742.jpg,Cerruti,Cerruti 1881 Femme Eau de Toilette 50 ml,50 ml (€39.80 / 100 ml),from €19.90
https://cdn.heinemann-shop.com/images/h7a/hee/9426986532894.jpg,Antonio Banderas,Antonio Banderas Her Golden Secret Eau de Toilette 80 ml,80 ml (€24.88 / 100 ml),from €19.90
https://cdn.heinemann-shop.com/images/h55/h95/9407603605534.jpg,Polo Ralph Lauren,Ralph Lauren Big Pony Blue Eau de Toilette 50 ml,50 ml (€39.80 / 100 ml),from €19.90
https://cdn.heinemann-shop.com/images/h83/hd5/9379147808798.jpg,Antonio Banderas,Antonio Banderas King of Seduction Eau de Toilette 100 ml,100 ml (€19.90 / 100 ml),from €19.90
https://cdn.heinemann-shop.com/images/h1c/hc3/9378923053086.jpg,Antonio Banderas,Antonio Banderas The Golden Secret Eau de Toilette 100 ml,100 ml (€19.90 / 100 ml),from €19.90
https://cdn.heinemann-shop.com/images/hba/h26/9380773462046.jpg,Versace,Versace The Dreamer Eau de Toilette 50 ml,50 ml (€39.80 / 100 ml),from €19.90
https://cdn.heinemann-shop.com/images/h15/h7d/9381055266846.jpg,Jil Sander,Jil Sander No. 4 Eau de Parfum 30 ml,30 ml (€66.33 / 100 ml),from €19.90
https://cdn.heinemann-shop.com/images/h80/h3d/9380980719646.jpg,Antonio Banderas,Antonio Banderas The Secret Eau de Toilette 100 ml,100 ml (€19.90 / 100 ml),from €19.90
https://cdn.heinemann-shop.com/images/h0d/hf1/9380765040670.jpg,Davidoff Parfums,Davidoff Cool Water Eau de Toilette 40 ml,40 ml (€49.75 / 100 ml),from €19.90
https://cdn.heinemann-shop.com/images/h1e/hf3/9380830183454.jpg,Antonio Banderas,Antonio Banderas Blue Seduction Eau de Toilette 100 ml,100 ml (€19.90 / 100 ml),from €19.90
https://cdn.heinemann-shop.com/images/hdb/h74/9380920295454.jpg,Versace,Versace Woman Eau de Parfum 50 ml,50 ml (€39.80 / 100 ml),from €19.90
https://cdn.heinemann-shop.com/images/hed/h6e/9380678762526.jpg,Antonio Banderas,Antonio Banderas Queen of Seduction Eau de Toilette 80 ml,80 ml (€24.88 / 100 ml),from €19.90
https://cdn.heinemann-shop.com/images/h76/h6a/9415524548638.jpg,Elizabeth Arden,Elizabeth Arden 5th Avenue Uptown NYC Eau de Parfum 75 ml,75 ml (€26.53 / 100 ml),from €19.90
https://cdn.heinemann-shop.com/images/hea/h18/9378731982878.jpg,Cacharel,Cacharel Amor Amor Eau de Toilette 30 ml,30 ml (€66.33 / 100 ml),from €19.90
https://cdn.heinemann-shop.com/images/hcb/h07/9407672090654.jpg,Boss,Boss Hugo Just Different Eau de Toilette 40 ml,40 ml (€49.75 / 100 ml),from €19.90
https://cdn.heinemann-shop.com/images/h90/h01/9407615336478.jpg,Diesel,Diesel Fuel for Life He Eau de Toilette 50 ml,50 ml (€39.80 / 100 ml),from €19.90
https://cdn.heinemann-shop.com/images/hc9/h94/9380671782942.jpg,James Bond,James Bond 007 M Eau de Toilette 50 ml,50 ml (€39.80 / 100 ml),€19.90
https://cdn.heinemann-shop.com/images/hbd/he0/9378850799646.jpg,Elizabeth Arden,Elizabeth Arden Sunflowers Summer Bloom Eau de Toilette 100 ml,100 ml (€19.90 / 100 ml),€19.90
https://cdn.heinemann-shop.com/images/h0b/h52/9378722021406.jpg,Beyoncé,Beyoncé Heat Kissed Eau de Parfum 100 ml,100 ml (€19.90 / 100 ml),from €19.90
https://cdn.heinemann-shop.com/images/ha6/h6c/9390176665630.jpg,Missoni,Missoni Missoni Eau de Toilette 50 ml,50 ml (€39.80 / 100 ml),€19.90
https://cdn.heinemann-shop.com/images/hd3/h34/9381066768414.jpg,Joop,Joop! Le Bain Eau de Parfum 40 ml,40 ml (€49.75 / 100 ml),€19.90
https://cdn.heinemann-shop.com/images/h8c/h0d/9378764390430.jpg,Shakira,Shakira Dance Eau de Toilette 80 ml,80 ml (€24.88 / 100 ml),€19.90
https://cdn.heinemann-shop.com/images/h5f/h07/9501666213918.jpg,Lancôme,Lancôme La vie est belle Eau de Parfum Drops 15 ml,15 ml (€132.67 / 100 ml),from €19.90
https://cdn.heinemann-shop.com/images/hdd/hae/9521453596702.jpg,Davidoff Parfums,Davidoff Cool Water Eau de Toilette 75 ml,75 ml (€39.87 / 100 ml),from €29.90
https://cdn.heinemann-shop.com/images/h79/ha3/9499953561630.jpg,Nina Ricci,Nina Ricci Ricci Ricci Eau de Parfum 50 ml,50 ml (€59.80 / 100 ml),€29.90
https://cdn.heinemann-shop.com/images/hfc/h78/9380560207902.jpg,Britney Spears,Britney Spears Fantasy Eau de Parfum 100 ml,100 ml (€29.90 / 100 ml),€29.90
https://cdn.heinemann-shop.com/images/hc9/hd3/9380575576094.jpg,Elizabeth Arden,Elizabeth Arden 5th Avenue Eau de Parfum 125 ml,125 ml (€23.92 / 100 ml),from €29.90
https://cdn.heinemann-shop.com/images/ha1/h01/9381042749470.jpg,Calvin Klein,Calvin Klein Eternity Moment for Women Eau de Parfum 50 ml,50 ml (€59.80 / 100 ml),from €29.90
https://cdn.heinemann-shop.com/images/hd2/h44/9380738400286.jpg,Moschino,Moschino Pink Bouquet Eau de Toilette 100 ml,100 ml (€29.90 / 100 ml),from €29.90
https://cdn.heinemann-shop.com/images/h0b/h90/9378600812574.jpg,Karl Lagerfeld,Karl Lagerfeld Lagerfeld Classic Eau de Toilette 100 ml,100 ml (€29.90 / 100 ml),€29.90
https://cdn.heinemann-shop.com/images/ha8/h3f/9480270282782.jpg,Kenzo,Kenzo Flower by Kenzo Eau de Toilette Legere-Light 30 ml,30 ml (€99.67 / 100 ml),from €29.90
https://cdn.heinemann-shop.com/images/h46/h02/9378747580446.jpg,Giorgio Armani,Giorgio Armani Emporio Diamonds Eau de Parfum 30 ml,30 ml (€99.67 / 100 ml),€29.90
https://cdn.heinemann-shop.com/images/h6c/h61/9380567875614.jpg,Davidoff Parfums,Davidoff Cool Water Woman Eau de Toilette 50 ml,50 ml (€59.80 / 100 ml),€29.90
https://cdn.heinemann-shop.com/images/h39/h34/9504386383902.jpg,Britney Spears,Britney Spears Midnight Fantasy Eau de Parfum 100 ml,100 ml (€29.90 / 100 ml),€29.90
https://cdn.heinemann-shop.com/images/hfc/h48/9380888608798.jpg,Lacoste,Lacoste Touch of Pink Eau de Toilette 50 ml,50 ml (€59.80 / 100 ml),from €29.90
https://cdn.heinemann-shop.com/images/h4a/haa/9378634825758.jpg,Moschino,Moschino Uomo Eau de Toilette 125 ml,125 ml (€23.92 / 100 ml),€29.90
https://cdn.heinemann-shop.com/images/h4e/hb4/9380784832542.jpg,Cacharel,Cacharel Noa Eau de Toilette 50 ml,50 ml (€59.80 / 100 ml),from €29.90
https://cdn.heinemann-shop.com/images/h7d/h4b/9402557104158.jpg,Burberry,Burberry Weekend for Women Eau de Parfum 50 ml,50 ml (€59.80 / 100 ml),from €29.90
https://cdn.heinemann-shop.com/images/hb8/hf8/9509297258526.jpg,Lancôme,Lancôme Miracle Eau de Pafum 30 ml,30 ml (€99.67 / 100 ml),from €29.90
https://cdn.heinemann-shop.com/images/he6/h53/9378811052062.jpg,Davidoff Parfums,Davidoff Game Eau de Toilette 100 ml,100 ml (€29.90 / 100 ml),€29.90
https://cdn.heinemann-shop.com/images/h1f/hf9/9380875698206.jpg,Diesel,Diesel Only the Brave Eau de Toilette 50 ml,50 ml (€59.80 / 100 ml),from €29.90
https://cdn.heinemann-shop.com/images/h4d/h50/9399767498782.jpg,Calvin Klein,Calvin Klein Obsession for Men Eau de Toilette 125 ml,125 ml (€23.92 / 100 ml),from €29.90
https://cdn.heinemann-shop.com/images/hef/hcd/9505071300638.jpg,Boss,Boss Hugo Dark Blue Eau de Toilette 75 ml,75 ml (€39.87 / 100 ml),from €29.90
https://cdn.heinemann-shop.com/images/h3b/hb0/9380865703966.jpg,Boss,Boss Deep Red Eau de Parfum 50 ml,50 ml (€59.80 / 100 ml),from €29.90
https://cdn.heinemann-shop.com/images/h4a/h8c/9399729848350.jpg,Calvin Klein,Calvin Klein Obsession for Women Eau de Parfum 100 ml,100 ml (€29.90 / 100 ml),from €29.90
https://cdn.heinemann-shop.com/images/h29/h02/9380621320222.jpg,Polo Ralph Lauren,Ralph Lauren Eau de Toilette 50 ml,50 ml (€59.80 / 100 ml),€29.90
https://cdn.heinemann-shop.com/images/hd2/h24/9380888379422.jpg,Carolina Herrera,Carolina Herrera Chic for Men Eau de Toilette 60 ml,60 ml (€49.83 / 100 ml),from €29.90
https://cdn.heinemann-shop.com/images/hc8/hfe/9381038325790.jpg,Clinique,Clinique Happy for Men Eau de Cologne 50 ml,50 ml (€59.80 / 100 ml),€29.90
https://cdn.heinemann-shop.com/images/h73/hfa/9498641924126.jpg,Versace,Versace Woman Eau de Parfum 100 ml,100 ml (€29.90 / 100 ml),from €29.90
https://cdn.heinemann-shop.com/images/h19/hcd/9379182477342.jpg,Boss,Boss Ma Vie Eau de Toilette L'Eau 50 ml,50 ml (€59.80 / 100 ml),from €29.90
https://cdn.heinemann-shop.com/images/h39/h58/9414543900702.jpg,Estée Lauder,Estée Lauder Bronze Goddess Eau Fraiche 50 ml,50 ml (€59.80 / 100 ml),€29.90
https://cdn.heinemann-shop.com/images/h4b/h69/9493562785822.jpg,Tommy Hilfiger,Tommy Hilfiger tommy Eau de Toilette 100 ml,100 ml (€29.90 / 100 ml),€29.90
https://cdn.heinemann-shop.com/images/h07/hc1/9379461759006.jpg,Clinique,Clinique Happy Eau de Parfum 50 ml,50 ml (€59.80 / 100 ml),€29.90
https://cdn.heinemann-shop.com/images/hf3/hbb/9380601495582.jpg,Issey Miyake,Issey Miyake L'Eau d'Issey pour Homme Sport Eau de Toilette 50 ml,50 ml (€59.80 / 100 ml),€29.90
https://cdn.heinemann-shop.com/images/h51/h92/9379276914718.jpg,Paco Rabanne,Paco Rabanne Ultraviolet Man Eau de Toilette 50 ml,50 ml (€59.80 / 100 ml),€29.90
https://cdn.heinemann-shop.com/images/h4b/h15/9399717724190.jpg,Calvin Klein,Calvin Klein CK in 2u for Him Eau de Toilette 100 ml,100 ml (€29.90 / 100 ml),€29.90
https://cdn.heinemann-shop.com/images/h54/h4f/9399715463198.jpg,Calvin Klein,Calvin Klein CK in 2u for Her Eau de Toilette 100 ml,100 ml (€29.90 / 100 ml),€29.90
https://cdn.heinemann-shop.com/images/hcd/hbb/9381100159006.jpg,Issey Miyake,Issey Miyake L'Eau d'Issey pour Homme Intense Eau de Toilette 75 ml,75 ml (€39.87 / 100 ml),€29.90
https://cdn.heinemann-shop.com/images/he8/h9e/9379316269086.jpg,Antonio Banderas,Antonio Banderas Blue Seduction Eau de Toilette 200 ml,200 ml (€14.95 / 100 ml),€29.90
https://cdn.heinemann-shop.com/images/hdd/h81/9379326361630.jpg,Antonio Banderas,Antonio Banderas Power of Seduction Eau de Toilette 200 ml,200 ml (€14.95 / 100 ml),€29.90
https://cdn.heinemann-shop.com/images/h0d/hcb/9380745150494.jpg,Moschino,Moschino Funny Eau de Toilette 100 ml,100 ml (€29.90 / 100 ml),from €29.90
https://cdn.heinemann-shop.com/images/h3e/h0c/9380587765790.jpg,Tommy Hilfiger,Tommy Hilfiger Tommy Girl Eau de Toilette 100 ml,100 ml (€29.90 / 100 ml),from €29.90
https://cdn.heinemann-shop.com/images/h55/h13/9492073381918.jpg,Giorgio Armani,Giorgio Armani Emporio Diamonds For Men Eau de Toilette 30 ml,30 ml (€99.67 / 100 ml),€29.90
https://cdn.heinemann-shop.com/images/h91/hb5/9379173367838.jpg,Laura Biagiotti,Laura Biagiotti by Laura Eau de Toilette 50 ml,50 ml (€59.80 / 100 ml),€29.90
https://cdn.heinemann-shop.com/images/hd3/hb5/9380712185886.jpg,Estée Lauder,Estée Lauder Pleasures Eau de Parfum 50 ml,50 ml (€79.80 / 100 ml),from €39.90
https://cdn.heinemann-shop.com/images/h91/h98/9499408859166.jpg,Lancôme,Lancôme Hypnose Eau de Parfum 50 ml,50 ml (€79.80 / 100 ml),from €39.90
https://cdn.heinemann-shop.com/images/hfe/hf7/9380665557022.jpg,Jil Sander,Jil Sander Sport Women Eau de Toilette Spray 100 ml,100 ml (€39.90 / 100 ml),€39.90
https://cdn.heinemann-shop.com/images/hfe/hdf/9399740727326.jpg,Juicy Couture,Juicy Couture Viva la Juicy Eau de Parfum 50 ml,50 ml (€79.80 / 100 ml),from €39.90
https://cdn.heinemann-shop.com/images/h36/h19/9399728111646.jpg,Calvin Klein,Calvin Klein CK in 2u for Him Eau de Toilette 150 ml,150 ml (€26.60 / 100 ml),from €39.90
https://cdn.heinemann-shop.com/images/hdd/hb9/9399723261982.jpg,Calvin Klein,Calvin Klein CK in 2u for Her Eau de Toilette 150 ml,150 ml (€26.60 / 100 ml),from €39.90
https://cdn.heinemann-shop.com/images/he8/h22/9499953791006.jpg,Lancôme,Lancôme Trésor Midnight Rose Eau de Parfum 50 ml,50 ml (€79.80 / 100 ml),from €39.90
https://cdn.heinemann-shop.com/images/h94/h4e/9380551098398.jpg,Escada,Escada Especially Escada Eau de Parfum 50 ml,50 ml (€79.80 / 100 ml),from €39.90
https://cdn.heinemann-shop.com/images/h14/h50/9476232282142.jpg,Estée Lauder,Estée Lauder Modern Muse Eau de Parfum 50 ml,50 ml (€79.80 / 100 ml),from €39.90
https://cdn.heinemann-shop.com/images/h6e/h20/9480274018334.jpg,Kenzo,Kenzo Homme Night Eau de Toilette 100 ml,100 ml (€39.90 / 100 ml),€39.90
https://cdn.heinemann-shop.com/images/h49/h01/9378772090910.jpg,Elizabeth Arden,Elizabeth Arden White Tea Eau de Toilette 100 ml,100 ml (€39.90 / 100 ml),from €39.90
https://cdn.heinemann-shop.com/images/hb2/hec/9380987437086.jpg,Paco Rabanne,Paco Rabanne Ultraviolet Eau de Parfum 50 ml,50 ml (€79.80 / 100 ml),€39.90
https://cdn.heinemann-shop.com/images/h3a/hc6/9505071071262.jpg,Boss,Boss Orange Women Eau de Toilette 75 ml,75 ml (€53.20 / 100 ml),from €39.90
https://cdn.heinemann-shop.com/images/h0f/hbe/9379340288030.jpg,Clinique,Clinique Happy Eau de Parfum 100 ml,100 ml (€39.90 / 100 ml),from €39.90
https://cdn.heinemann-shop.com/images/h43/h03/9510537166878.jpg,Yves Saint Laurent,Yves Saint Laurent Kouros Eau de Toilette 50 ml,50 ml (€79.80 / 100 ml),from €39.90
https://cdn.heinemann-shop.com/images/h40/h1b/9407675662366.jpg,Clinique,Clinique Happy for Men Eau de Cologne 100 ml,100 ml (€39.90 / 100 ml),from €39.90
https://cdn.heinemann-shop.com/images/h65/hbe/9499953332254.jpg,Paco Rabanne,Paco Rabanne Pure XS Eau de Toilette 50 ml,50 ml (€79.80 / 100 ml),from €39.90
https://cdn.heinemann-shop.com/images/h9a/h2d/9493559410718.jpg,DKNY,DKNY Nectar Love Eau de Parfum 50 ml,50 ml (€79.80 / 100 ml),from €39.90
https://cdn.heinemann-shop.com/images/h97/h4c/9380711202846.jpg,Calvin Klein,Calvin Klein CK ONE Eau de Toilette 200ml,200 ml (€19.95 / 100 ml),from €39.90
https://cdn.heinemann-shop.com/images/h54/hce/9381059199006.jpg,Versace,Versace Vanitas Eau de Toilette 100 ml,100 ml (€39.90 / 100 ml),from €39.90
https://cdn.heinemann-shop.com/images/h3b/h41/9426462113822.jpg,Dolce & Gabbana,Dolce & Gabbana 3 L'Imperatrice Eau de Toilette 100 ml,100 ml (€39.90 / 100 ml),from €39.90
https://cdn.heinemann-shop.com/images/h8d/h54/9380859510814.jpg,Montblanc,Montblanc Starwalker Eau de Toilette 75 ml,75 ml (€53.20 / 100 ml),from €39.90
https://cdn.heinemann-shop.com/images/h1c/h7c/9491016679454.jpg,DKNY,DKNY Be Delicious Fresh Blossom Eau de Parfum 100 ml,100 ml (€39.90 / 100 ml),from €39.90
https://cdn.heinemann-shop.com/images/he0/ha5/9380677320734.jpg,Boss,Boss Number One Eau de Toilette 125 ml,125 ml (€31.92 / 100 ml),from €39.90
https://cdn.heinemann-shop.com/images/haf/h6b/9381063983134.jpg,Polo Ralph Lauren,Ralph Lauren Polo Black Eau de Toilette Spray 75 ml,75 ml (€53.20 / 100 ml),from €39.90
https://cdn.heinemann-shop.com/images/he9/h78/9499953102878.jpg,Paco Rabanne,Paco Rabanne Pure XS For Her Eau de Parfum 50 ml,50 ml (€79.80 / 100 ml),from €39.90
https://cdn.heinemann-shop.com/images/h1e/hac/9379222323230.jpg,Trussardi,Trussardi My Land Eau de Toilette 50 ml,50 ml (€79.80 / 100 ml),€39.90
https://cdn.heinemann-shop.com/images/h74/h36/9379384459294.jpg,Joop,Joop! Homme Eau de Toilette 200 ml,200 ml (€19.95 / 100 ml),from €39.90
https://cdn.heinemann-shop.com/images/hee/hc9/9381043666974.jpg,Cacharel,Cacharel Anais Anais Eau de Toilette 100 ml,100 ml (€39.90 / 100 ml),from €39.90
https://cdn.heinemann-shop.com/images/hbc/hb8/9426995970078.jpg,Gucci,Gucci Guilty Black Pour Homme Eau de Toilette 50 ml,50 ml (€79.80 / 100 ml),from €39.90
https://cdn.heinemann-shop.com/images/h97/hfe/9502464049182.jpg,Issey Miyake,Issey Miyake L'Eau Super Majeure d'Issey Eau de Toilette 100 ml,100 ml (€39.90 / 100 ml),€39.90
https://cdn.heinemann-shop.com/images/h27/hc0/9379342254110.jpg,Jimmy Choo,Jimmy Choo Blossom Eau de Parfum 60 ml,60 ml (€66.50 / 100 ml),€39.90
https://cdn.heinemann-shop.com/images/h3a/h17/9495950753822.jpg,Laura Biagiotti,Laura Biagiotti Roma Donna Eau de Toilette 50 ml,50 ml (€79.80 / 100 ml),€39.90
https://cdn.heinemann-shop.com/images/h8e/h15/9379153805342.jpg,Laura Biagiotti,Laura Biagiotti Roma Uomo Eau de Toilette 75 ml,75 ml (€53.20 / 100 ml),€39.90
https://cdn.heinemann-shop.com/images/h6e/h60/9378726805534.jpg,Trussardi,Trussardi My Name Eau de Parfum 50 ml,50 ml (€79.80 / 100 ml),€39.90
https://cdn.heinemann-shop.com/images/hae/hea/9380653039646.jpg,Lancôme,Lancôme Hypnose Homme Eau de Toilette 75 ml,75 ml (€66.53 / 100 ml),from €49.90
https://cdn.heinemann-shop.com/images/h94/h40/9501276569630.jpg,Yves Saint Laurent,Yves Saint Laurent Manifesto Eau de Parfum 50 ml,50 ml (€99.80 / 100 ml),from €49.90
https://cdn.heinemann-shop.com/images/h44/he9/9508467867678.jpg,Michael Kors,Michael Kors Glam Jasmine Eau de Parfum Spray 100 ml,100 ml (€49.90 / 100 ml),from €49.90
https://cdn.heinemann-shop.com/images/h23/hba/9521436786718.jpg,Burberry,Burberry Brit for Her Eau de Toilette 100ml,100 ml (€49.90 / 100 ml),from €49.90
https://cdn.heinemann-shop.com/images/h45/h5e/9502464573470.jpg,Viktor & Rolf,Viktor & Rolf Bonbon Eau de Parfum 50 ml,50 ml (€99.80 / 100 ml),from €49.90
https://cdn.heinemann-shop.com/images/h03/h25/9502463131678.jpg,Givenchy,Givenchy Pour Homme Eau de Toilette 100 ml,100 ml (€49.90 / 100 ml),from €49.90
https://cdn.heinemann-shop.com/images/heb/h3e/9378943270942.jpg,Lacoste,Lacoste L.12.12 Blanc Eau de Toilette 175 ml,175 ml (€28.51 / 100 ml),from €49.90
https://cdn.heinemann-shop.com/images/h5f/h4e/9493562556446.jpg,Michael Kors,Michael Kors Sexy Ruby Eau de Parfum 100 ml,100 ml (€49.90 / 100 ml),from €49.90
https://cdn.heinemann-shop.com/images/h4f/h58/9501271588894.jpg,Prada,Prada Candy Gloss Eau de Toilette 50 ml,50 ml (€99.80 / 100 ml),€49.90
https://cdn.heinemann-shop.com/images/h16/hb9/9380845191198.jpg,Gucci,Gucci Rush Eau de Toilette 75 ml,75 ml (€66.53 / 100 ml),from €49.90
https://cdn.heinemann-shop.com/images/h29/h19/9381033639966.jpg,Giorgio Armani,Giorgio Armani Emporio she Eau de Parfum 100 ml,100 ml (€49.90 / 100 ml),from €49.90
https://cdn.heinemann-shop.com/images/ha4/hf0/9380995629086.jpg,Clinique,Clinique Aromatics Elixir Parfum 100 ml,100 ml (€49.90 / 100 ml),€49.90
https://cdn.heinemann-shop.com/images/h9a/h88/9501271130142.jpg,Gucci,Gucci Bamboo Eau de Parfum 50 ml,50 ml (€99.80 / 100 ml),from €49.90
https://cdn.heinemann-shop.com/images/h3b/h3e/9493559181342.jpg,Michael Kors,Michael Kors Sexy Amber Eau de Parfum 100 ml,100 ml (€49.90 / 100 ml),from €49.90
https://cdn.heinemann-shop.com/images/hbf/h13/9378675752990.jpg,Roberto Cavalli,Roberto Cavalli Nero Assoluto Eau de Parfum 75 ml,75 ml (€66.53 / 100 ml),from €49.90
https://cdn.heinemann-shop.com/images/hb9/h17/9407630311454.jpg,Giorgio Armani,Giorgio Armani Emporio he Eau de Toilette 100 ml,100 ml (€49.90 / 100 ml),from €49.90
https://cdn.heinemann-shop.com/images/h74/h08/9327797862430.jpg,Clinique,Clinique Dramatically Different Moisturizing Lotion+ 50 ml,50 ml (€39.80 / 100 ml),from €19.90
https://cdn.heinemann-shop.com/images/h9c/h0e/9378748268574.jpg,Elizabeth Arden,Elizabeth Arden Visible Difference Refining Moisture Cream Complex 100 ml,97 ml (€20.52 / 100 ml),from €19.90
https://cdn.heinemann-shop.com/images/h09/h08/9380622991390.jpg,Elizabeth Arden,Elizabeth Arden Green Tea Honey Drops Body Cream 500 ml,500 ml (€39.80 / 1000 ml),from €19.90
https://cdn.heinemann-shop.com/images/h5f/h82/9378918563870.jpg,American Crew,American Crew Travel Grooming Set,1 items,from €19.90
https://cdn.heinemann-shop.com/images/h63/h69/9380958404638.jpg,Lancôme,Lancôme Nutrix Royal Body Milk 400 ml,400 ml (€49.75 / 1000 ml),from €19.90
https://cdn.heinemann-shop.com/images/h79/haa/9329042128926.jpg,L'Occitane en Provence,L'Occitane en Provence Verbena Escape Set,1 items,from €19.90
https://cdn.heinemann-shop.com/images/hb4/hed/9502463361054.jpg,Clarins,Clarins Cleansing Gentle foaming cleanser combination skin 125 ml,125 ml (€15.92 / 100 ml),from €19.90
https://cdn.heinemann-shop.com/images/h03/h7e/9476054646814.jpg,L'Occitane en Provence,L'Occitane en Provence Karite-Shea Butter Intensive Hand Balm 150 ml,150 ml (€13.27 / 100 ml),from €19.90
https://cdn.heinemann-shop.com/images/hb0/h56/9493562064926.jpg,L'Occitane en Provence,L'Occitane en Provence Karite-Shea Butter Intense Foot Balm 150 ml,150 ml (€13.27 / 100 ml),from €19.90
https://cdn.heinemann-shop.com/images/hcc/he8/9502464278558.jpg,Clarins,Clarins Clarins Men Active Face Wash Foaming Gel 125 ml,125 ml (€15.92 / 100 ml),from €19.90
https://cdn.heinemann-shop.com/images/hde/h3f/9329935941662.jpg,Clinique,Clinique Dramatically Different Moisturizing Gel 50 ml,50 ml (€39.80 / 100 ml),from €19.90
https://cdn.heinemann-shop.com/images/h2b/hc2/9380846796830.jpg,L'Occitane en Provence,L'Occitane en Provence Verbena Shower Gel 500 ml,500 ml (€39.80 / 1000 ml),from €19.90
https://cdn.heinemann-shop.com/images/hce/hce/9379105407006.jpg,L'Oréal Paris,L'Oréal Paris Age Perfect Cell Renew Program Set,1 items,from €29.90
https://cdn.heinemann-shop.com/images/h44/hb4/9499952578590.jpg,Biotherm,Biotherm Aquasource Cream 50 ml,50 ml (€59.80 / 100 ml),from €29.90
https://cdn.heinemann-shop.com/images/h84/ha0/9379364241438.jpg,Biotherm,Biotherm Aquasource Night Creme 50 ml,50 ml (€59.80 / 100 ml),from €29.90
https://cdn.heinemann-shop.com/images/hab/h24/9379220095006.jpg,Clinique,Clinique Moisture Surge 72H Auto-Replenishing Hydrator 75 ml,75 ml (€39.87 / 100 ml),from €29.90
https://cdn.heinemann-shop.com/images/h16/h21/9378912337950.jpg,Elizabeth Arden,Elizabeth Arden Eight Hour Body Care Set,1 items,€29.90
https://cdn.heinemann-shop.com/images/h85/h69/9502463819806.jpg,Biotherm,Biotherm Homme Aquapower Day Creme 50 ml,50 ml (€59.80 / 100 ml),from €29.90
https://cdn.heinemann-shop.com/images/hfb/h9a/9379197157406.jpg,Clinique,Clinique Moisture Surge Intense Skin Fortifying Hydrator Day Care 75 ml,75 ml (€39.87 / 100 ml),from €29.90
https://cdn.heinemann-shop.com/images/h27/h5a/9380989108254.jpg,Clinique,Clinique Deo-Roll on Set,1 items,from €29.90
https://cdn.heinemann-shop.com/images/h73/h29/9327821848606.jpg,Cazes,"Clos de Paulilles, Collioure, AOC, dry, rosé 0.75L",0.75 l (€14.53 / 1 l),€10.90
https://cdn.heinemann-shop.com/images/h12/h2b/9327845900318.jpg,Château La Tour Carnet,"Château La Tour Carnet, La Servitude Volontaire, Haut-Médoc, AOC, dry, red (wooden case) 0.75L",0.75 l (€59.87 / 1 l),€44.90
https://cdn.heinemann-shop.com/images/h38/h3a/9180587851806.jpg,Cune,"Cune, Vina Real, Reserva, Rioja, dry, red, 0,75L",0.75 l (€17.20 / 1 l),€12.90
https://cdn.heinemann-shop.com/images/h7a/h35/9329248829470.jpg,La Motte,"La Motte, Syrah, Wine of Origin, Coastal Region, dry, red, 0.75L",0.75 l (€21.20 / 1 l),€15.90
https://cdn.heinemann-shop.com/images/h84/ha6/9180527165470.jpg,Cune,"Cune, Gran Reserva, Rioja, DOCa, dry, red 0.75L",0.75 l (€24.67 / 1 l),€18.50
https://cdn.heinemann-shop.com/images/h1e/h90/9329032757278.jpg,Laurent-Perrier,"Laurent-Perrier, La Cuvée, Champagne, AOC, brut, white",0.75 l (€53.20 / 1 l),€39.90
https://cdn.heinemann-shop.com/images/haa/h42/9429288714270.jpg,Stolichnaya,Stolichnaya Lime Flavoured Premium Vodka 37.5% 1L,1 l (€18.90 / 1 l),€18.90
https://cdn.heinemann-shop.com/images/h34/h09/9429300215838.jpg,Cono Sur,"Cono Sur, Reserva Especial, Cabernet Sauvignon, Maipo Valley, DO, dry, red 0.75L",0.75 l (€13.20 / 1 l),€9.90
https://cdn.heinemann-shop.com/images/hfd/ha3/9429301002270.jpg,Cono Sur,"Cono Sur, Reserva Especial, Carmenere, Cachapoal Valley, DO, dry, red 0.75L",0.75 l (€13.20 / 1 l),€9.90
https://cdn.heinemann-shop.com/images/h36/hfe/9474897313822.jpg,Camus,Camus XO 40% 1L GP,1 l (€229.90 / 1 l),from €229.90
https://cdn.heinemann-shop.com/images/ha8/h12/9474896298014.jpg,Camus,Camus Very Special 40% 1L GP,1 l (€44.90 / 1 l),€44.90
https://cdn.heinemann-shop.com/images/hc0/h5f/9474896822302.jpg,Camus,Camus VSOP 40% 1L GP,1 l (€68.90 / 1 l),from €68.90
https://cdn.heinemann-shop.com/images/hc3/h02/9435835170846.jpg,Whitley Neill,Whitley Neill Pink Grapefruit Gin 43% 1L,1 l (€33.90 / 1 l),from €33.90
https://cdn.heinemann-shop.com/images/h47/h18/9381892390942.jpg,Whitley Neill,Whitley Neill Blackberry Gin 43% 1L,1 l (€33.90 / 1 l),€33.90
https://cdn.heinemann-shop.com/images/hea/h0a/9429287796766.jpg,Beluga,Beluga Noble Russian Vodka 40% 1.5L,1.5 l (€50.60 / 1 l),from €75.90
https://cdn.heinemann-shop.com/images/h9b/h93/9429281636382.jpg,Kavalan,Kavalan Concertmaster Port Cask Finish Taiwanese Single Malt Whisky 40% 1L giftpack,1 l (€65.90 / 1 l),€65.90
https://cdn.heinemann-shop.com/images/h67/h5f/9376060440606.jpg,Hennessy,Hennessy Master Blender 4 43% 0.5L,0.5 l (€123.80 / 1 l),from €61.90
https://cdn.heinemann-shop.com/images/ha6/h21/9476053270558.jpg,Jack Daniel's,Jack Daniels Tennessee Apple 35% 1L,1 l (€27.50 / 1 l),from €27.50
https://cdn.heinemann-shop.com/images/h1d/h4c/9429302181918.jpg,Harahorn,Harahorn White Lemon 42% 0.5L,0.5 l (€55.80 / 1 l),from €27.90
https://cdn.heinemann-shop.com/images/hca/hae/9429303132190.jpg,Smokehead,Smokehead Rum Riot 43% 0.7L Tube,0.7 l (€71.29 / 1 l),from €49.90
https://cdn.heinemann-shop.com/images/h66/h69/9369088163870.jpg,Glenmorangie,Glenmorangie The Tribute 16yo 43% 1L GP,1 l (€93.90 / 1 l),from €93.90
https://cdn.heinemann-shop.com/images/h19/h4f/9380822515742.jpg,Glenmorangie,Glenmorangie The Accord 12yo 43% 1L GP,1 l (€64.90 / 1 l),from €64.90
https://cdn.heinemann-shop.com/images/h79/ha4/9369087901726.jpg,Glenmorangie,Glenmorangie The Elementa 14yo 43% 1L GP,1 l (€74.90 / 1 l),from €74.90
https://cdn.heinemann-shop.com/images/hda/h21/9429307195422.jpg,Akashi,Akashi Meisei Japanese Blended Whisky 40% 0.5L giftpack,0.5 l (€79.80 / 1 l),from €39.90
https://cdn.heinemann-shop.com/images/he4/h14/9429294153758.jpg,Riise Rum,Riise Centennial Celebration Rum 45% 0.7L giftpack,0.7 l (€142.71 / 1 l),from €99.90
https://cdn.heinemann-shop.com/images/h67/h69/9498018316318.jpg,Speyburn,Speyburn 16y Speyside Single Malt Scotch Whisky 43% giftpack,1 l (€66.90 / 1 l),€66.90
https://cdn.heinemann-shop.com/images/h4a/hf6/9462879649822.jpg,Absolut,Absolut Vodka Blue Global Travel Retail Edition,1 l (€19.90 / 1 l),from €19.90
https://cdn.heinemann-shop.com/images/hd4/h1d/9460923203614.jpg,Mars Whisky,Mars Kasei Japanese Blended Whisky 40% 0.7L giftpack,0.7 l (€54.14 / 1 l),€37.90
https://cdn.heinemann-shop.com/images/h13/h4f/9429289926686.jpg,Tomatin,Tomatin 21 Years Old 46% 0.7L,0.7 l (€237.00 / 1 l),€165.90
https://cdn.heinemann-shop.com/images/h47/hb9/9491019595806.jpg,Hendrick's,Hendricks Amazonia 43.4% 1L,1 l (€47.90 / 1 l),from €47.90
https://cdn.heinemann-shop.com/images/h1d/hc5/9429288026142.jpg,Grant's,Grants 8YO Sherry Cask 40% 1L GP,1 l (€21.90 / 1 l),€21.90
https://cdn.heinemann-shop.com/images/h6a/h21/9496686559262.jpg,Estée Lauder,Estee Lauder Double Wear Maximum Cover Camouflage Makeup For Face And Body Spf 15 N° 2W2 Rattan 30 ml,30 ml,from €39.90
https://cdn.heinemann-shop.com/images/h19/h75/9378627518494.jpg,Clinique,Clinique Cheek Pop Blusher N° 01 Ginger Pop,3.5 g (€642.86 / 100 g),from €22.50
https://cdn.heinemann-shop.com/images/hf9/h24/9232062480414.jpg,Hermès,Hermès Terre d'Hermès Eau Très Fraîche Eau de Toilette (Refill) 125 ml,125 ml (€65.52 / 100 ml),€81.90
https://cdn.heinemann-shop.com/images/h33/h94/9378918105118.jpg,Benefit,Benefit Double the Volume Mascara Set 17 g,1 items,from €42.90
https://cdn.heinemann-shop.com/images/h7f/h18/9394568822814.jpg,Sisley,Sisley Sisleya L'Integral Anti Age Cream 50 ml,50 ml (€691.80 / 100 ml),from €345.90
https://cdn.heinemann-shop.com/images/hce/hbc/9498017824798.jpg,Estée Lauder,Estée Lauder Intuition Eau de Parfum 50 ml,50 ml (€97.80 / 100 ml),€48.90
https://cdn.heinemann-shop.com/images/h14/haa/9379158523934.jpg,Benefit,Benefit Roller Lash Mascara Duo Set,1 items,from €42.90
https://cdn.heinemann-shop.com/images/h83/h5a/9379149021214.jpg,Benefit,Benefit They're Real Mascara Duo Set,1 items,from €42.90
https://cdn.heinemann-shop.com/images/hb4/hf9/9498031423518.jpg,Estée Lauder,Estée Lauder Pure Color Envy Lipstick N° 24 Fierce,4 g,from €31.90
https://cdn.heinemann-shop.com/images/h45/h5c/9378749710366.jpg,Boss,Boss Bottled United Eau de Toilette 100 ml,100 ml (€77.90 / 100 ml),from €77.90
Image is missing,Clarins,Clarins Foundation XL Everlasting foundation XL Nr. 103 Ivory 30 ml,30 ml,from €34.90
https://cdn.heinemann-shop.com/images/hcd/h9b/9476055564318.jpg,Babor,"Babor Ampoule Concentrate Collagen Booster, 7 Ampoule Treatment 14 ml",14 ml (€249.29 / 100 ml),from €34.90
https://cdn.heinemann-shop.com/images/h70/h83/9401646055454.jpg,Marc Jacobs,Marc Jacobs Daisy EDT Petals 20 ml,20 ml (€149.50 / 100 ml),€29.90
https://cdn.heinemann-shop.com/images/hb4/h86/9408539820062.jpg,Jean Paul Gaultier,Jean Paul Gaultier Airlines Classique Eau de Parfum 50 ml,50 ml (€115.80 / 100 ml),from €57.90
https://cdn.heinemann-shop.com/images/h5b/hc7/9378828910622.jpg,Clinique,Clinique Moisturizers Superdefense SPF 25 Fatigue 1St Signs Of Age Multi-Correcting Cream Types 1&2 50 ml,50 ml (€89.80 / 100 ml),from €44.90
https://cdn.heinemann-shop.com/images/had/h45/9495948394526.jpg,Valentino,Valentino Voce Viva Eau de Parfum 50 ml,50 ml (€143.80 / 100 ml),from €71.90
https://cdn.heinemann-shop.com/images/hb7/h10/9510537691166.jpg,Giorgio Armani,Giorgio Armani My Way Eau de Parfum 50 ml,50 ml (€149.80 / 100 ml),from €74.90
https://cdn.heinemann-shop.com/images/h10/h7f/9327995813918.jpg,Hermès,Hermès Terre d'Hermès Eau Tres Fraiche Eau de Toilette 75 ml,75 ml (€87.87 / 100 ml),from €65.90
https://cdn.heinemann-shop.com/images/he9/h8f/9380886446110.jpg,Lancôme,Lancôme La vie est belle Intense Eau de Parfum 100 ml,100 ml (€102.90 / 100 ml),from €102.90
https://cdn.heinemann-shop.com/images/h95/h2b/9407654199326.jpg,Lancôme,Lancôme La vie est belle Intense Eau de Parfum 50 ml,50 ml (€155.80 / 100 ml),from €77.90
https://cdn.heinemann-shop.com/images/h27/h66/9408539361310.jpg,Jean Paul Gaultier,Jean Paul Gaultier Airlines Le Male Eau de Parfum 75 ml,75 ml (€65.20 / 100 ml),from €48.90
https://cdn.heinemann-shop.com/images/hca/h3e/9491020873758.jpg,Giorgio Armani,Giorgio Armani My Way Eau de Parfum 90 ml,90 ml (€111.00 / 100 ml),from €99.90
https://cdn.heinemann-shop.com/images/h07/hfe/9486411595806.jpg,Jean Paul Gaultier,Jean Paul Gaultier Le Male Eau de Pafum 125 ml,125 ml (€67.92 / 100 ml),from €84.90
https://cdn.heinemann-shop.com/images/hb7/h2d/9486411825182.jpg,Jean Paul Gaultier,Jean Paul Gaultier Le Male Eau de Parfum 75 ml,75 ml (€82.53 / 100 ml),from €61.90
https://cdn.heinemann-shop.com/images/hbf/ha7/9521438031902.jpg,Marc Jacobs,Marc Jacobs Perfect Eau de Parfum 100 ml,100 ml (€102.90 / 100 ml),from €102.90
https://cdn.heinemann-shop.com/images/h7f/h5d/9501662806046.jpg,Marc Jacobs,Marc Jacobs Perfect Eau de Parfum 50 ml,50 ml (€155.80 / 100 ml),from €77.90
https://cdn.heinemann-shop.com/images/h6c/hdd/9399753539614.jpg,Clarins,Clarins Travel Sets Cleaning Set,1 items,from €36.90
https://cdn.heinemann-shop.com/images/h60/hfc/9354478747678.jpg,Merci Handy,Merci Handy Namasté Hand Cleansing Gel 30 ml,30 ml (€9.00 / 100 ml),from €2.70
https://cdn.heinemann-shop.com/images/h85/hff/9498047971358.jpg,Estée Lauder,Estee Lauder Double Wear Stay-in-Place Foundation Spf 10 N° 1C0 Shell 30 ml,30 ml,from €39.90
https://cdn.heinemann-shop.com/images/hed/ha1/9474892365854.jpg,Paco Rabanne,Paco Rabanne 1 Million Set 175 ml,1 items,€76.90
https://cdn.heinemann-shop.com/images/ha4/h38/9369893011486.jpg,Lancôme,Lancôme Teint Idole Ultra Wear Foundation N° 021 Beige Jasmin 30 ml,30 ml,from €38.90
Image is missing,Urban Decay,Urban Decay Perversion Fine Liquid Eyeliner Black,1 ml,from €17.90
https://cdn.heinemann-shop.com/images/h91/he1/9395575259166.jpg,Kiehl's,Kiehl's Ultra Light Daily UV Defense Aqua Gel SPF 50 60 ml,60 ml (€86.50 / 100 ml),€51.90
https://cdn.heinemann-shop.com/images/ha3/h73/9395593281566.jpg,Kiehl's,Kiehl's Dermatologist Solutions Eye Serum 15 ml,15 ml (€259.33 / 100 ml),€38.90
https://cdn.heinemann-shop.com/images/hff/hcd/9380863311902.jpg,Lancôme,Lancôme Trésor La Nuit Nude Eau de Toilette 100 ml,100 ml (€82.90 / 100 ml),from €82.90
https://cdn.heinemann-shop.com/images/h3c/ha2/9415518683166.jpg,Elizabeth Arden,Elizabeth Arden White Tea Mandarin Blossom Eau de Toilette 100 ml,100 ml (€41.90 / 100 ml),from €41.90
https://cdn.heinemann-shop.com/images/h9f/hdf/9408528351262.jpg,Urban Decay,Urban Decay Stay Naked Threesome Blush Bronze Highlight Palette Rise,9 g,from €31.90
https://cdn.heinemann-shop.com/images/hb8/h00/9474897838110.jpg,Clinique,Clinique Even Better Clinical Radical Dark Spot Corrector Interrupter 30 ml,30 ml (€179.67 / 100 ml),€53.90
https://cdn.heinemann-shop.com/images/h44/h27/9497022300190.jpg,Boss,Boss Bottled United Eau de Toilette 50 ml,50 ml (€119.80 / 100 ml),€59.90
https://cdn.heinemann-shop.com/images/ha4/h99/9492069122078.jpg,Origins,Origins Dr. Weil Mega-Mushroom Relief & Resilience Gel For Eyes 15 ml,15 ml (€279.33 / 100 ml),from €41.90
https://cdn.heinemann-shop.com/images/hbf/h25/9492070793246.jpg,Origins,Origins Ginzing Gel Moisturizer 75 ml,75 ml (€38.00 / 100 ml),from €28.50
https://cdn.heinemann-shop.com/images/hb8/h7e/9492069351454.jpg,Origins,Origins Dr. Weil Mega-Mushroom Relief & Resilience Fortifying Emulsion 100 ml,100 ml (€33.90 / 100 ml),from €33.90
https://cdn.heinemann-shop.com/images/h33/h14/9498017562654.jpg,Atelier Cologne,Atelier Cologne Cedre Atlas Cologne Absolue Eau de Toilette 200 ml,200 ml (€77.95 / 100 ml),€155.90
https://cdn.heinemann-shop.com/images/hfc/h7c/9498018086942.jpg,Atelier Cologne,Atelier Cologne Cedre Atlas Cologne Absolue Eau de Toilette 100 ml,100 ml (€102.90 / 100 ml),€102.90
https://cdn.heinemann-shop.com/images/hb2/h9d/9472580124702.jpg,Clarins,Clarins Lip Oil Intense Lip Comfort Oil N° 1,6 ml,from €19.70
https://cdn.heinemann-shop.com/images/hbe/h55/9472582221854.jpg,Clarins,Clarins Milky Boost Foundation N° 1 Milky Cream 50 ml,50 ml,from €31.90
https://cdn.heinemann-shop.com/images/h0e/h2b/9472575963166.jpg,Clarins,Clarins Lip Milky Mousse Liquid Lipstick N° 1 Milky Strawberry,7 ml,from €19.70
https://cdn.heinemann-shop.com/images/h7b/h04/9408529924126.jpg,Clarins,Clarins Super Restorative Face Care Set,1 items,from €159.90
https://cdn.heinemann-shop.com/images/h73/he1/9415521337374.jpg,Clarins,Clarins Sun Care Face Stick SPF 50+ 17 g,17 g (€132.35 / 100 g),from €22.50
https://cdn.heinemann-shop.com/images/ha0/h27/9407684476958.jpg,Calvin Klein,Calvin Klein CK ONE Deodorant Stick 75g,50 ml (€63.80 / 100 ml),€31.90
https://cdn.heinemann-shop.com/images/h54/ha9/9388402442270.jpg,Riemann,Riemann P20 Sun protection 200 ml,200 ml (€12.75 / 100 ml),€25.50
https://cdn.heinemann-shop.com/images/hea/h60/9390177157150.jpg,Ecooking,Ecooking Day & Night Beauty Treat Face Care Set,1 items,€19.70
https://cdn.heinemann-shop.com/images/h99/h84/9418670243870.jpg,Ecooking,Ecooking Night-time Beauty Treat Gesichtspflege Set,1 items,€27.50
https://cdn.heinemann-shop.com/images/hdd/h83/9521045274654.jpg,Boss,Boss Alive Eau de Parfum 80 ml,80 ml (€128.62 / 100 ml),from €102.90
https://cdn.heinemann-shop.com/images/h0c/h4a/9521045569566.jpg,Boss,Boss Alive Eau de Parfum 50 ml,50 ml (€145.80 / 100 ml),from €72.90
https://cdn.heinemann-shop.com/images/hfd/hdf/9396791640094.jpg,Boss,Boss Alive Body Lotion 200 ml,200 ml (€14.95 / 100 ml),from €29.90
https://cdn.heinemann-shop.com/images/h0f/hb3/9388408373278.jpg,Boss,Boss Alive Deo Spray 100 ml,100 ml (€29.90 / 100 ml),from €29.90
https://cdn.heinemann-shop.com/images/h1c/h8c/9499035467806.jpg,Lacoste,Lacoste L.12.12 Sparkling Jeremyville Edition Eau de Toilette 50 ml,50 ml (€105.80 / 100 ml),€52.90
https://cdn.heinemann-shop.com/images/hf6/h55/9499034189854.jpg,Jil Sander,Jil Sander Sunlight Eau Sublime Eau de Parfum 40 ml,40 ml (€117.25 / 100 ml),€46.90
https://cdn.heinemann-shop.com/images/h54/h22/9508468719646.jpg,Merci Handy,Merci Handy Glitter Fever Hand Cleansing Gel 30 ml,30 ml (€9.00 / 100 ml),from €2.70
https://cdn.heinemann-shop.com/images/ha0/heb/9495948656670.jpg,Valentino,Valentino Voce Viva Eau de Parfum 100 ml,100 ml (€102.90 / 100 ml),from €102.90
https://cdn.heinemann-shop.com/images/ha8/h95/9495944724510.jpg,Gucci,Gucci Bloom Profumo Di Fiori Eau de Parfum 100 ml,100 ml (€109.90 / 100 ml),from €109.90
https://cdn.heinemann-shop.com/images/hf1/h36/9495937843230.jpg,Gucci,Gucci Bloom Profumo Di Fiori Eau de Parfum 50 ml,50 ml (€159.80 / 100 ml),from €79.90
https://cdn.heinemann-shop.com/images/hdb/h0e/9474899640350.jpg,Lancôme,Lancome Hydra Zen Face Care Set,1 items,from €89.90
https://cdn.heinemann-shop.com/images/h9d/h97/9487861186590.jpg,Biotherm,Biotherm Eau Vitaminée Shower Gel 400 ml,400 ml (€48.25 / 1000 ml),€19.30
https://cdn.heinemann-shop.com/images/h9f/h58/9368253530142.jpg,Guerlain,Guerlain Orchidée Impériale Face Care Set,1 items,from €475.90
Image is missing,Estée Lauder,Estée Lauder Estee Eau de Parfum 50 ml,50 ml (€99.80 / 100 ml),€49.90
https://cdn.heinemann-shop.com/images/h49/hca/9498017071134.jpg,Estée Lauder,Estée Lauder Beyond Paradise Eau de Parfum 50 ml,50 ml (€97.80 / 100 ml),€48.90
https://cdn.heinemann-shop.com/images/h5b/h29/9403545387038.jpg,Giorgio Armani,Giorgio Armani Power Fabric Longwear High Cover Foundation SPF25 N° 8 30 ml,30 ml,from €45.90
https://cdn.heinemann-shop.com/images/hd0/hf4/9487861481502.jpg,Biotherm,Biotherm Eau d'Energie Body Milk 400 ml,400 ml (€61.25 / 1000 ml),€24.50
https://cdn.heinemann-shop.com/images/hc4/h3a/9212269756446.jpg,Babor,"Babor Ampoule Concentrate Hydra Plus, 7 Ampoule Treatment 14 ml",14 ml (€123.57 / 100 ml),from €17.30
https://cdn.heinemann-shop.com/images/h81/he9/9424349069342.jpg,Babor,"Babor Ampoule Concentrate Perfect Glow, 7 Ampoule Treatment 14 ml",14 ml (€182.14 / 100 ml),from €25.50
https://cdn.heinemann-shop.com/images/h5a/h03/9424349528094.jpg,Babor,"Babor Ampoule Concentrate Beauty Rescue, 7 Ampoule Treatment 14 ml",14 ml (€249.29 / 100 ml),from €34.90
https://cdn.heinemann-shop.com/images/h9c/hab/9023735496734.jpg,Babor,"Babor Ampoule Concentrate 3D Firming, 7 Ampoule Treatment 14 ml",14 ml (€249.29 / 100 ml),from €34.90
https://cdn.heinemann-shop.com/images/he5/hd0/9424349298718.jpg,Babor,"Babor Ampoule Concentrate Active Night, 7 Ampoule Treatment 14 ml",14 ml (€227.86 / 100 ml),from €31.90
https://cdn.heinemann-shop.com/images/hf2/h05/9424350969886.jpg,Babor,Babor Ampoule Multi Vitamin Serum 14 ml,14 ml (€133.57 / 100 ml),from €18.70
https://cdn.heinemann-shop.com/images/h91/hd7/9424352018462.jpg,Babor,Babor Ampoule Active Purifier Serum 14 ml,14 ml (€133.57 / 100 ml),from €18.70
https://cdn.heinemann-shop.com/images/h78/he4/9424350412830.jpg,Babor,Babor Ampoule Lift Express Serum 14 ml,14 ml (€249.29 / 100 ml),from €34.90
https://cdn.heinemann-shop.com/images/h5f/h55/9424351789086.jpg,Babor,Babor Ampoule After Sun Serum 14 ml,14 ml (€163.57 / 100 ml),from €22.90
https://cdn.heinemann-shop.com/images/h7c/he8/9508961386526.jpg,Lancôme,Lancôme Trésor La Nuit Nude Eau de Toilette 50 ml,50 ml (€99.80 / 100 ml),from €49.90
https://cdn.heinemann-shop.com/images/hdd/ha9/9426984370206.jpg,Elizabeth Arden,Elizabeth Arden 5th Avenue NYC Red Eau de Parfum 75 ml,75 ml (€26.53 / 100 ml),from €19.90
https://cdn.heinemann-shop.com/images/h0c/he3/9398700277790.jpg,Britney Spears,Britney Spears Fantasy Glitter Eau de Toilette 100 ml,100 ml (€26.50 / 100 ml),€26.50
https://cdn.heinemann-shop.com/images/hb4/h4e/9474898100254.jpg,Clinique,Clinique Even Better Clinical Radical Dark Spot Corrector Interrupter 50 ml,50 ml (€179.80 / 100 ml),from €89.90
Image is missing,Urban Decay,Urban Decay Stay Naked Longwear 16 hrs Powder Fix Foundation Nr. 40CP,6 g,from €34.90
https://cdn.heinemann-shop.com/images/h37/h85/9426452152350.jpg,Clinique,Clinique Moisturizers Superdefense SPF 25 Fatigue 1St Signs Of Age Multi-Correcting Cream Types 3&4 50 ml,50 ml (€89.80 / 100 ml),from €44.90
https://cdn.heinemann-shop.com/images/hcd/h8e/9492070105118.jpg,Origins,Origins Drink Up 10 Minute Mask 75 ml,75 ml (€27.33 / 100 ml),from €20.50
https://cdn.heinemann-shop.com/images/h3f/hdd/9415465730078.jpg,Boss,Boss Alive Eau de Parfum 30 ml,30 ml (€179.67 / 100 ml),€53.90
https://cdn.heinemann-shop.com/images/h3f/h37/9424352542750.jpg,Babor,Babor Ampoule Concentrate Grand Cru 14 ml,14 ml (€306.43 / 100 ml),from €42.90
https://cdn.heinemann-shop.com/images/h88/h0b/9408542507038.jpg,Babor,Babor Doctor Babor Lifting Cellular Face Care Set,1 items,from €84.90
Image is missing,Ecooking,Ecooking Roll-on Deodorant 50 ml,50 ml (€25.00 / 100 ml),from €12.50
https://cdn.heinemann-shop.com/images/hef/hb7/9521462870046.jpg,Davidoff Parfums,Davidoff Cool Water Summer Eau de Toilette 125 ml,125 ml (€35.12 / 100 ml),€43.90
https://cdn.heinemann-shop.com/images/h00/h1f/9521463623710.jpg,Davidoff Parfums,Davidoff Cool Water Summer Eau de Toilette 100 ml,100 ml (€43.90 / 100 ml),€43.90
https://cdn.heinemann-shop.com/images/hd8/hb7/9499033042974.jpg,Calvin Klein,Calvin Klein CK ONE Summer 20 Eau de Toilette 100 ml,100 ml (€29.90 / 100 ml),€29.90
https://cdn.heinemann-shop.com/images/h02/h86/9499033960478.jpg,Calvin Klein,Calvin Klein Eternity Summer 2020 Eau de Toilette for Men 100 ml,100 ml (€43.90 / 100 ml),€43.90
https://cdn.heinemann-shop.com/images/h90/hde/9499034648606.jpg,Calvin Klein,Calvin Klein Eternity Summer 2020 Eau de Parfum for Women 100 ml,100 ml (€43.90 / 100 ml),€43.90
https://cdn.heinemann-shop.com/images/hd0/hb1/9499034877982.jpg,Joop,JOOP Homme Icy Eau de Toilette 80 ml,80 ml (€52.38 / 100 ml),€41.90
https://cdn.heinemann-shop.com/images/h6a/h21/9496686559262.jpg,Estée Lauder,Estee Lauder Double Wear Maximum Cover Camouflage Makeup For Face And Body Spf 15 N° 2W2 Rattan 30 ml,30 ml,from €39.90
https://cdn.heinemann-shop.com/images/h19/h75/9378627518494.jpg,Clinique,Clinique Cheek Pop Blusher N° 01 Ginger Pop,3.5 g (€642.86 / 100 g),from €22.50
https://cdn.heinemann-shop.com/images/hf9/h24/9232062480414.jpg,Hermès,Hermès Terre d'Hermès Eau Très Fraîche Eau de Toilette (Refill) 125 ml,125 ml (€65.52 / 100 ml),€81.90
https://cdn.heinemann-shop.com/images/h33/h94/9378918105118.jpg,Benefit,Benefit Double the Volume Mascara Set 17 g,1 items,from €42.90
https://cdn.heinemann-shop.com/images/h7f/h18/9394568822814.jpg,Sisley,Sisley Sisleya L'Integral Anti Age Cream 50 ml,50 ml (€691.80 / 100 ml),from €345.90
https://cdn.heinemann-shop.com/images/hce/hbc/9498017824798.jpg,Estée Lauder,Estée Lauder Intuition Eau de Parfum 50 ml,50 ml (€97.80 / 100 ml),€48.90
https://cdn.heinemann-shop.com/images/h14/haa/9379158523934.jpg,Benefit,Benefit Roller Lash Mascara Duo Set,1 items,from €42.90
https://cdn.heinemann-shop.com/images/h83/h5a/9379149021214.jpg,Benefit,Benefit They're Real Mascara Duo Set,1 items,from €42.90
https://cdn.heinemann-shop.com/images/hb4/hf9/9498031423518.jpg,Estée Lauder,Estée Lauder Pure Color Envy Lipstick N° 24 Fierce,4 g,from €31.90
https://cdn.heinemann-shop.com/images/h45/h5c/9378749710366.jpg,Boss,Boss Bottled United Eau de Toilette 100 ml,100 ml (€77.90 / 100 ml),from €77.90
Image is missing,Clarins,Clarins Foundation XL Everlasting foundation XL Nr. 103 Ivory 30 ml,30 ml,from €34.90
https://cdn.heinemann-shop.com/images/hcd/h9b/9476055564318.jpg,Babor,"Babor Ampoule Concentrate Collagen Booster, 7 Ampoule Treatment 14 ml",14 ml (€249.29 / 100 ml),from €34.90
https://cdn.heinemann-shop.com/images/h70/h83/9401646055454.jpg,Marc Jacobs,Marc Jacobs Daisy EDT Petals 20 ml,20 ml (€149.50 / 100 ml),€29.90
https://cdn.heinemann-shop.com/images/hb4/h86/9408539820062.jpg,Jean Paul Gaultier,Jean Paul Gaultier Airlines Classique Eau de Parfum 50 ml,50 ml (€115.80 / 100 ml),from €57.90
https://cdn.heinemann-shop.com/images/h5b/hc7/9378828910622.jpg,Clinique,Clinique Moisturizers Superdefense SPF 25 Fatigue 1St Signs Of Age Multi-Correcting Cream Types 1&2 50 ml,50 ml (€89.80 / 100 ml),from €44.90
https://cdn.heinemann-shop.com/images/had/h45/9495948394526.jpg,Valentino,Valentino Voce Viva Eau de Parfum 50 ml,50 ml (€143.80 / 100 ml),from €71.90
https://cdn.heinemann-shop.com/images/hb7/h10/9510537691166.jpg,Giorgio Armani,Giorgio Armani My Way Eau de Parfum 50 ml,50 ml (€149.80 / 100 ml),from €74.90
https://cdn.heinemann-shop.com/images/h10/h7f/9327995813918.jpg,Hermès,Hermès Terre d'Hermès Eau Tres Fraiche Eau de Toilette 75 ml,75 ml (€87.87 / 100 ml),from €65.90
https://cdn.heinemann-shop.com/images/he9/h8f/9380886446110.jpg,Lancôme,Lancôme La vie est belle Intense Eau de Parfum 100 ml,100 ml (€102.90 / 100 ml),from €102.90
https://cdn.heinemann-shop.com/images/h95/h2b/9407654199326.jpg,Lancôme,Lancôme La vie est belle Intense Eau de Parfum 50 ml,50 ml (€155.80 / 100 ml),from €77.90
https://cdn.heinemann-shop.com/images/h27/h66/9408539361310.jpg,Jean Paul Gaultier,Jean Paul Gaultier Airlines Le Male Eau de Parfum 75 ml,75 ml (€65.20 / 100 ml),from €48.90
https://cdn.heinemann-shop.com/images/hca/h3e/9491020873758.jpg,Giorgio Armani,Giorgio Armani My Way Eau de Parfum 90 ml,90 ml (€111.00 / 100 ml),from €99.90
https://cdn.heinemann-shop.com/images/h07/hfe/9486411595806.jpg,Jean Paul Gaultier,Jean Paul Gaultier Le Male Eau de Pafum 125 ml,125 ml (€67.92 / 100 ml),from €84.90
https://cdn.heinemann-shop.com/images/hb7/h2d/9486411825182.jpg,Jean Paul Gaultier,Jean Paul Gaultier Le Male Eau de Parfum 75 ml,75 ml (€82.53 / 100 ml),from €61.90
https://cdn.heinemann-shop.com/images/hbf/ha7/9521438031902.jpg,Marc Jacobs,Marc Jacobs Perfect Eau de Parfum 100 ml,100 ml (€102.90 / 100 ml),from €102.90
https://cdn.heinemann-shop.com/images/h7f/h5d/9501662806046.jpg,Marc Jacobs,Marc Jacobs Perfect Eau de Parfum 50 ml,50 ml (€155.80 / 100 ml),from €77.90
https://cdn.heinemann-shop.com/images/h6c/hdd/9399753539614.jpg,Clarins,Clarins Travel Sets Cleaning Set,1 items,from €36.90
https://cdn.heinemann-shop.com/images/h60/hfc/9354478747678.jpg,Merci Handy,Merci Handy Namasté Hand Cleansing Gel 30 ml,30 ml (€9.00 / 100 ml),from €2.70
https://cdn.heinemann-shop.com/images/h85/hff/9498047971358.jpg,Estée Lauder,Estee Lauder Double Wear Stay-in-Place Foundation Spf 10 N° 1C0 Shell 30 ml,30 ml,from €39.90
https://cdn.heinemann-shop.com/images/hed/ha1/9474892365854.jpg,Paco Rabanne,Paco Rabanne 1 Million Set 175 ml,1 items,€76.90
https://cdn.heinemann-shop.com/images/ha4/h38/9369893011486.jpg,Lancôme,Lancôme Teint Idole Ultra Wear Foundation N° 021 Beige Jasmin 30 ml,30 ml,from €38.90
Image is missing,Urban Decay,Urban Decay Perversion Fine Liquid Eyeliner Black,1 ml,from €17.90
https://cdn.heinemann-shop.com/images/h91/he1/9395575259166.jpg,Kiehl's,Kiehl's Ultra Light Daily UV Defense Aqua Gel SPF 50 60 ml,60 ml (€86.50 / 100 ml),€51.90
https://cdn.heinemann-shop.com/images/ha3/h73/9395593281566.jpg,Kiehl's,Kiehl's Dermatologist Solutions Eye Serum 15 ml,15 ml (€259.33 / 100 ml),€38.90
https://cdn.heinemann-shop.com/images/hff/hcd/9380863311902.jpg,Lancôme,Lancôme Trésor La Nuit Nude Eau de Toilette 100 ml,100 ml (€82.90 / 100 ml),from €82.90
https://cdn.heinemann-shop.com/images/h3c/ha2/9415518683166.jpg,Elizabeth Arden,Elizabeth Arden White Tea Mandarin Blossom Eau de Toilette 100 ml,100 ml (€41.90 / 100 ml),from €41.90
https://cdn.heinemann-shop.com/images/h9f/hdf/9408528351262.jpg,Urban Decay,Urban Decay Stay Naked Threesome Blush Bronze Highlight Palette Rise,9 g,from €31.90
https://cdn.heinemann-shop.com/images/hb8/h00/9474897838110.jpg,Clinique,Clinique Even Better Clinical Radical Dark Spot Corrector Interrupter 30 ml,30 ml (€179.67 / 100 ml),€53.90
https://cdn.heinemann-shop.com/images/h44/h27/9497022300190.jpg,Boss,Boss Bottled United Eau de Toilette 50 ml,50 ml (€119.80 / 100 ml),€59.90
https://cdn.heinemann-shop.com/images/ha4/h99/9492069122078.jpg,Origins,Origins Dr. Weil Mega-Mushroom Relief & Resilience Gel For Eyes 15 ml,15 ml (€279.33 / 100 ml),from €41.90
https://cdn.heinemann-shop.com/images/hbf/h25/9492070793246.jpg,Origins,Origins Ginzing Gel Moisturizer 75 ml,75 ml (€38.00 / 100 ml),from €28.50
https://cdn.heinemann-shop.com/images/hb8/h7e/9492069351454.jpg,Origins,Origins Dr. Weil Mega-Mushroom Relief & Resilience Fortifying Emulsion 100 ml,100 ml (€33.90 / 100 ml),from €33.90
https://cdn.heinemann-shop.com/images/h33/h14/9498017562654.jpg,Atelier Cologne,Atelier Cologne Cedre Atlas Cologne Absolue Eau de Toilette 200 ml,200 ml (€77.95 / 100 ml),€155.90
https://cdn.heinemann-shop.com/images/hfc/h7c/9498018086942.jpg,Atelier Cologne,Atelier Cologne Cedre Atlas Cologne Absolue Eau de Toilette 100 ml,100 ml (€102.90 / 100 ml),€102.90
https://cdn.heinemann-shop.com/images/hb2/h9d/9472580124702.jpg,Clarins,Clarins Lip Oil Intense Lip Comfort Oil N° 1,6 ml,from €19.70
https://cdn.heinemann-shop.com/images/hbe/h55/9472582221854.jpg,Clarins,Clarins Milky Boost Foundation N° 1 Milky Cream 50 ml,50 ml,from €31.90
https://cdn.heinemann-shop.com/images/h0e/h2b/9472575963166.jpg,Clarins,Clarins Lip Milky Mousse Liquid Lipstick N° 1 Milky Strawberry,7 ml,from €19.70
https://cdn.heinemann-shop.com/images/h7b/h04/9408529924126.jpg,Clarins,Clarins Super Restorative Face Care Set,1 items,from €159.90
https://cdn.heinemann-shop.com/images/h73/he1/9415521337374.jpg,Clarins,Clarins Sun Care Face Stick SPF 50+ 17 g,17 g (€132.35 / 100 g),from €22.50
https://cdn.heinemann-shop.com/images/ha0/h27/9407684476958.jpg,Calvin Klein,Calvin Klein CK ONE Deodorant Stick 75g,50 ml (€63.80 / 100 ml),€31.90
https://cdn.heinemann-shop.com/images/h54/ha9/9388402442270.jpg,Riemann,Riemann P20 Sun protection 200 ml,200 ml (€12.75 / 100 ml),€25.50
https://cdn.heinemann-shop.com/images/hea/h60/9390177157150.jpg,Ecooking,Ecooking Day & Night Beauty Treat Face Care Set,1 items,€19.70
https://cdn.heinemann-shop.com/images/h99/h84/9418670243870.jpg,Ecooking,Ecooking Night-time Beauty Treat Gesichtspflege Set,1 items,€27.50
https://cdn.heinemann-shop.com/images/hdd/h83/9521045274654.jpg,Boss,Boss Alive Eau de Parfum 80 ml,80 ml (€128.62 / 100 ml),from €102.90
https://cdn.heinemann-shop.com/images/h0c/h4a/9521045569566.jpg,Boss,Boss Alive Eau de Parfum 50 ml,50 ml (€145.80 / 100 ml),from €72.90
https://cdn.heinemann-shop.com/images/hfd/hdf/9396791640094.jpg,Boss,Boss Alive Body Lotion 200 ml,200 ml (€14.95 / 100 ml),from €29.90
https://cdn.heinemann-shop.com/images/h0f/hb3/9388408373278.jpg,Boss,Boss Alive Deo Spray 100 ml,100 ml (€29.90 / 100 ml),from €29.90
https://cdn.heinemann-shop.com/images/h1c/h8c/9499035467806.jpg,Lacoste,Lacoste L.12.12 Sparkling Jeremyville Edition Eau de Toilette 50 ml,50 ml (€105.80 / 100 ml),€52.90
https://cdn.heinemann-shop.com/images/hf6/h55/9499034189854.jpg,Jil Sander,Jil Sander Sunlight Eau Sublime Eau de Parfum 40 ml,40 ml (€117.25 / 100 ml),€46.90
https://cdn.heinemann-shop.com/images/h54/h22/9508468719646.jpg,Merci Handy,Merci Handy Glitter Fever Hand Cleansing Gel 30 ml,30 ml (€9.00 / 100 ml),from €2.70
https://cdn.heinemann-shop.com/images/ha0/heb/9495948656670.jpg,Valentino,Valentino Voce Viva Eau de Parfum 100 ml,100 ml (€102.90 / 100 ml),from €102.90
https://cdn.heinemann-shop.com/images/ha8/h95/9495944724510.jpg,Gucci,Gucci Bloom Profumo Di Fiori Eau de Parfum 100 ml,100 ml (€109.90 / 100 ml),from €109.90
https://cdn.heinemann-shop.com/images/hf1/h36/9495937843230.jpg,Gucci,Gucci Bloom Profumo Di Fiori Eau de Parfum 50 ml,50 ml (€159.80 / 100 ml),from €79.90
https://cdn.heinemann-shop.com/images/hdb/h0e/9474899640350.jpg,Lancôme,Lancome Hydra Zen Face Care Set,1 items,from €89.90
https://cdn.heinemann-shop.com/images/h9d/h97/9487861186590.jpg,Biotherm,Biotherm Eau Vitaminée Shower Gel 400 ml,400 ml (€48.25 / 1000 ml),€19.30
https://cdn.heinemann-shop.com/images/h9f/h58/9368253530142.jpg,Guerlain,Guerlain Orchidée Impériale Face Care Set,1 items,from €475.90
Image is missing,Estée Lauder,Estée Lauder Estee Eau de Parfum 50 ml,50 ml (€99.80 / 100 ml),€49.90
https://cdn.heinemann-shop.com/images/h49/hca/9498017071134.jpg,Estée Lauder,Estée Lauder Beyond Paradise Eau de Parfum 50 ml,50 ml (€97.80 / 100 ml),€48.90
https://cdn.heinemann-shop.com/images/h5b/h29/9403545387038.jpg,Giorgio Armani,Giorgio Armani Power Fabric Longwear High Cover Foundation SPF25 N° 8 30 ml,30 ml,from €45.90
https://cdn.heinemann-shop.com/images/hd0/hf4/9487861481502.jpg,Biotherm,Biotherm Eau d'Energie Body Milk 400 ml,400 ml (€61.25 / 1000 ml),€24.50
https://cdn.heinemann-shop.com/images/hc4/h3a/9212269756446.jpg,Babor,"Babor Ampoule Concentrate Hydra Plus, 7 Ampoule Treatment 14 ml",14 ml (€123.57 / 100 ml),from €17.30
https://cdn.heinemann-shop.com/images/h81/he9/9424349069342.jpg,Babor,"Babor Ampoule Concentrate Perfect Glow, 7 Ampoule Treatment 14 ml",14 ml (€182.14 / 100 ml),from €25.50
https://cdn.heinemann-shop.com/images/h5a/h03/9424349528094.jpg,Babor,"Babor Ampoule Concentrate Beauty Rescue, 7 Ampoule Treatment 14 ml",14 ml (€249.29 / 100 ml),from €34.90
https://cdn.heinemann-shop.com/images/h9c/hab/9023735496734.jpg,Babor,"Babor Ampoule Concentrate 3D Firming, 7 Ampoule Treatment 14 ml",14 ml (€249.29 / 100 ml),from €34.90
https://cdn.heinemann-shop.com/images/he5/hd0/9424349298718.jpg,Babor,"Babor Ampoule Concentrate Active Night, 7 Ampoule Treatment 14 ml",14 ml (€227.86 / 100 ml),from €31.90
https://cdn.heinemann-shop.com/images/hf2/h05/9424350969886.jpg,Babor,Babor Ampoule Multi Vitamin Serum 14 ml,14 ml (€133.57 / 100 ml),from €18.70
https://cdn.heinemann-shop.com/images/h91/hd7/9424352018462.jpg,Babor,Babor Ampoule Active Purifier Serum 14 ml,14 ml (€133.57 / 100 ml),from €18.70
https://cdn.heinemann-shop.com/images/h78/he4/9424350412830.jpg,Babor,Babor Ampoule Lift Express Serum 14 ml,14 ml (€249.29 / 100 ml),from €34.90
https://cdn.heinemann-shop.com/images/h5f/h55/9424351789086.jpg,Babor,Babor Ampoule After Sun Serum 14 ml,14 ml (€163.57 / 100 ml),from €22.90
https://cdn.heinemann-shop.com/images/h7c/he8/9508961386526.jpg,Lancôme,Lancôme Trésor La Nuit Nude Eau de Toilette 50 ml,50 ml (€99.80 / 100 ml),from €49.90
https://cdn.heinemann-shop.com/images/hdd/ha9/9426984370206.jpg,Elizabeth Arden,Elizabeth Arden 5th Avenue NYC Red Eau de Parfum 75 ml,75 ml (€26.53 / 100 ml),from €19.90
https://cdn.heinemann-shop.com/images/h0c/he3/9398700277790.jpg,Britney Spears,Britney Spears Fantasy Glitter Eau de Toilette 100 ml,100 ml (€26.50 / 100 ml),€26.50
https://cdn.heinemann-shop.com/images/hb4/h4e/9474898100254.jpg,Clinique,Clinique Even Better Clinical Radical Dark Spot Corrector Interrupter 50 ml,50 ml (€179.80 / 100 ml),from €89.90
Image is missing,Urban Decay,Urban Decay Stay Naked Longwear 16 hrs Powder Fix Foundation Nr. 40CP,6 g,from €34.90
https://cdn.heinemann-shop.com/images/h37/h85/9426452152350.jpg,Clinique,Clinique Moisturizers Superdefense SPF 25 Fatigue 1St Signs Of Age Multi-Correcting Cream Types 3&4 50 ml,50 ml (€89.80 / 100 ml),from €44.90
https://cdn.heinemann-shop.com/images/hcd/h8e/9492070105118.jpg,Origins,Origins Drink Up 10 Minute Mask 75 ml,75 ml (€27.33 / 100 ml),from €20.50
https://cdn.heinemann-shop.com/images/h3f/hdd/9415465730078.jpg,Boss,Boss Alive Eau de Parfum 30 ml,30 ml (€179.67 / 100 ml),€53.90
https://cdn.heinemann-shop.com/images/h3f/h37/9424352542750.jpg,Babor,Babor Ampoule Concentrate Grand Cru 14 ml,14 ml (€306.43 / 100 ml),from €42.90
https://cdn.heinemann-shop.com/images/h88/h0b/9408542507038.jpg,Babor,Babor Doctor Babor Lifting Cellular Face Care Set,1 items,from €84.90
Image is missing,Ecooking,Ecooking Roll-on Deodorant 50 ml,50 ml (€25.00 / 100 ml),from €12.50
https://cdn.heinemann-shop.com/images/hef/hb7/9521462870046.jpg,Davidoff Parfums,Davidoff Cool Water Summer Eau de Toilette 125 ml,125 ml (€35.12 / 100 ml),€43.90
https://cdn.heinemann-shop.com/images/h00/h1f/9521463623710.jpg,Davidoff Parfums,Davidoff Cool Water Summer Eau de Toilette 100 ml,100 ml (€43.90 / 100 ml),€43.90
https://cdn.heinemann-shop.com/images/hd8/hb7/9499033042974.jpg,Calvin Klein,Calvin Klein CK ONE Summer 20 Eau de Toilette 100 ml,100 ml (€29.90 / 100 ml),€29.90
https://cdn.heinemann-shop.com/images/h02/h86/9499033960478.jpg,Calvin Klein,Calvin Klein Eternity Summer 2020 Eau de Toilette for Men 100 ml,100 ml (€43.90 / 100 ml),€43.90
https://cdn.heinemann-shop.com/images/h90/hde/9499034648606.jpg,Calvin Klein,Calvin Klein Eternity Summer 2020 Eau de Parfum for Women 100 ml,100 ml (€43.90 / 100 ml),€43.90
https://cdn.heinemann-shop.com/images/hd0/hb1/9499034877982.jpg,Joop,JOOP Homme Icy Eau de Toilette 80 ml,80 ml (€52.38 / 100 ml),€41.90
https://cdn.heinemann-shop.com/images/h1d/hef/9429285765150.jpg,Cavendish & Harvey,Cavendish & Harvey Sugar Free Mixed Fruit Drops 175g,175 g (€1.66 / 100 g),€2.90
https://cdn.heinemann-shop.com/images/hec/h47/9429286060062.jpg,Cavendish & Harvey,Cavendish & Harvey Sugar Free Wild Berry Drops 175g,175 g (€1.66 / 100 g),€2.90
https://cdn.heinemann-shop.com/images/h22/hf0/9395623297054.jpg,Kinder,"Kinder Bueno White, Travel Edition 312g",312 g (€28.53 / 1000 g),from €8.90
https://cdn.heinemann-shop.com/images/h6e/hf7/9429285273630.jpg,Cavendish & Harvey,Cavendish & Harvey Caramel Moments 220g,220 g (€2.50 / 100 g),€5.50
https://cdn.heinemann-shop.com/images/hc5/hbd/9395620741150.jpg,Kinder,Kinder Maxi Travel Edition 378g,378 g (€23.54 / 1000 g),from €8.90
https://cdn.heinemann-shop.com/images/hb6/hef/9429279113246.jpg,Panda,Panda Choco & Lakritz Raspbery 300g,300 g (€21.00 / 1000 g),€6.30
https://cdn.heinemann-shop.com/images/hd2/h49/9429287272478.jpg,Butlers,Butlers Chocolate Collection Tin 350 g - Alcohol free,350 g (€50.57 / 1000 g),€17.70
https://cdn.heinemann-shop.com/images/h22/h72/9429294415902.jpg,Stratos,"Stratos Creamy Hazel, aerated milk chocolate (73%) with soft hazelnut cream added croquant and crisp (27%).",168 g (€2.08 / 100 g),€3.50
https://cdn.heinemann-shop.com/images/h5f/h12/9341048520734.jpg,Butlers,Butlers Irish Whiskey Twistwrap Truffles 300g,300 g (€36.33 / 1000 g),€10.90
https://cdn.heinemann-shop.com/images/h71/h58/9460926775326.jpg,Neuhaus,Neuhaus Bonbon on the go 10pcs 97g,97 g (€13.71 / 100 g),€13.30
https://cdn.heinemann-shop.com/images/h98/hab/9489012162590.jpg,Butlers,Butlers Milk Chocolate Gin Twistwrap Truffles 300g,300 g (€36.33 / 1000 g),€10.90
https://cdn.heinemann-shop.com/images/h72/h22/9415471923230.jpg,Butlers,Butlers Irish Cream Twistwrap Truffles 300g,300 g (€36.33 / 1000 g),€10.90
https://cdn.heinemann-shop.com/images/he2/h31/9460940210206.jpg,The Primal Pantry,The Primal Pantry Lemon & Poppy Seed Bar 45g,45 g (€7.33 / 100 g),from €3.30
https://cdn.heinemann-shop.com/images/h6c/hc9/9460933689374.jpg,The Beginnings,The Beginnings almond seed crackers 80g,80 g (€6.12 / 100 g),€4.90
https://cdn.heinemann-shop.com/images/h12/h1e/9460932935710.jpg,The Beginnings,The Beginnings Tomatoe crisp bread 80g,80 g (€6.12 / 100 g),€4.90
https://cdn.heinemann-shop.com/images/h3c/ha9/9460934443038.jpg,The Beginnings,The Beginnings almond cocoa cookies 80g,80 g (€6.12 / 100 g),€4.90
Image is missing,Munz,Munz milk Lady Tower 450g,450 g (€44.22 / 1000 g),€19.90
https://cdn.heinemann-shop.com/images/hcb/he8/9429306736670.jpg,Ritter Sport,Ritter Sport Cocoa Selection 300g,300 g (€29.67 / 1000 g),from €8.90
https://cdn.heinemann-shop.com/images/hf3/h37/9429276917790.jpg,Ritter Sport,Ritter Sport Chocolate Cubes Whole Hazelnut 109g,109 g (€3.21 / 100 g),from €3.50
https://cdn.heinemann-shop.com/images/h51/h3f/9429284356126.jpg,Ritter Sport,Ritter Sport Chocolate Cubes Strawberry Yoghurt 111g,111 g (€3.15 / 100 g),from €3.50
Image is missing,Cufrol,Cufrol Terre Francescane EGO Oil 0.5L,0.5 l (€31.80 / 1 l),from €15.90
Image is missing,Niederegger,Marzipan assortment 250g,250 g (€58.80 / 1000 g),from €14.70
Image is missing,Munz,Munz Milk Smiley Tower 450g,450 g (€44.22 / 1000 g),€19.90
https://cdn.heinemann-shop.com/images/h79/h3b/9380901945374.jpg,Lindt,LindtAssorted Napolitains Gold Can 300g,300 g (€79.67 / 1000 g),€23.90
https://cdn.heinemann-shop.com/images/h53/h9b/9380842766366.jpg,Karl Fazer,Karl Fazer Milk Chocolate 250g,250 g (€18.00 / 1000 g),€4.50
https://cdn.heinemann-shop.com/images/h31/h78/9426994593822.jpg,L'Oréal Paris,L'Oréal Paris Men Expert Mini Shaving Trio Set,1 items,from €11.90
https://cdn.heinemann-shop.com/images/h66/he5/9359872426014.jpg,Clarins,Clarins Instant Light Lip Perfector Duo,1 items,€29.50
https://cdn.heinemann-shop.com/images/haa/hc0/9331436617758.jpg,Kids World,Disney's World Fairies Eau de Toilette 50 ml,50 ml (€27.00 / 100 ml),from €13.50
https://cdn.heinemann-shop.com/images/h5f/h30/9503946539038.jpg,Elizabeth Arden,Elizabeth Arden Basic Skincare Good Night's Sleep Restoring Cream 50 ml,50 ml (€39.80 / 100 ml),from €19.90
https://cdn.heinemann-shop.com/images/ha7/h2c/9380883791902.jpg,Prestige & Collections,Lancôme Première Collection Coffret,1 items,from €42.90
https://cdn.heinemann-shop.com/images/hfc/h52/9415522254878.jpg,Feodora,Feodora Suitcase Milk 225g,225 g (€6.00 / 100 g),€13.50
https://cdn.heinemann-shop.com/images/hf3/hd6/9380759765022.jpg,Mentos,Mentos Meller Original,228 g (€3.03 / 100 g),from €6.90
https://cdn.heinemann-shop.com/images/hc2/h11/9329937481758.jpg,Lindt,Lindt Assorted Napolitains Carrier Box 1000g,1000 g (€34.90 / 1000 g),from €34.90
https://cdn.heinemann-shop.com/images/h59/h4c/9380931174430.jpg,Elizabeth Arden,Elizabeth Arden Green Tea Duo Set,1 items,from €18.70
https://cdn.heinemann-shop.com/images/h7d/he2/9381008801822.jpg,Versace,Versace Bright Crystal Duo Set,1 items,from €61.90
https://cdn.heinemann-shop.com/images/h00/h87/9379388915742.jpg,Versace,Versace Bright Crystal & Bright Crystal Absolu Duo Set,1 items,from €61.90
https://cdn.heinemann-shop.com/images/h05/h6a/9378505555998.jpg,Guerlain,Guerlain Terracotta Make Up Set N° 01 g,1 items,from €46.90
https://cdn.heinemann-shop.com/images/h48/h7f/9493557772318.jpg,DKNY,DKNY Fresh Blossom Duo Set,1 items,from €48.90
https://cdn.heinemann-shop.com/images/h87/hf6/9380765728798.jpg,Elizabeth Arden,Elizabeth Arden Eight Hour Travelers Set,1 items,from €39.90
https://cdn.heinemann-shop.com/images/h90/ha8/9379420536862.jpg,Celebrations,Celebrations sharing bag 240g,240 g (€2.88 / 100 g),from €6.90
https://cdn.heinemann-shop.com/images/h8f/h86/9514591518750.jpg,Nutella,"Nutella Weekly Pack, 7 x 30g",210 g (€6.62 / 100 g),from €13.90
https://cdn.heinemann-shop.com/images/heb/h89/9515452039198.jpg,Clinique,Clinique 3 Steps-System Skincare Plus Set,1 items,from €52.90
https://cdn.heinemann-shop.com/images/h2a/hd6/9331003916318.jpg,Kids World,Disney's World Princess Eau de Toilette 50 ml,50 ml (€27.00 / 100 ml),from €13.50
https://cdn.heinemann-shop.com/images/h7a/hc2/9380628955166.jpg,Toblerone,Toblerone Gold 200g,200 g (€2.45 / 100 g),€4.90
https://cdn.heinemann-shop.com/images/h8a/he0/9456769761310.jpg,Bobbi Brown,Bobbi Brown Bronze Shimmer Brick Compact Set,1 items,€52.90
https://cdn.heinemann-shop.com/images/h2e/hee/9407588368414.jpg,Chupa Chups,Chupa Chups Plush Figure Back Pack with 16 Lollipops 192g,192 g (€8.28 / 100 g),from €15.90
https://cdn.heinemann-shop.com/images/ha1/h16/9379085877278.jpg,Karl Fazer,Karl Fazer Milk Chocolate Travel Box 295g,295 g (€28.81 / 1000 g),€8.50
https://cdn.heinemann-shop.com/images/h44/h5a/9260951568414.jpg,Revlon,Revlon Lustrous Super Cube Set,1 items,€49.90
https://cdn.heinemann-shop.com/images/h47/h67/9379240017950.jpg,L'Oréal Paris,L'Oréal Paris Volume Million Lashes Excess Duo Set,1 items,from €21.50
https://cdn.heinemann-shop.com/images/hce/hce/9379105407006.jpg,L'Oréal Paris,L'Oréal Paris Age Perfect Cell Renew Program Set,1 items,from €29.90
https://cdn.heinemann-shop.com/images/hf0/h3b/9515088773150.jpg,Lancôme,Lancôme La vie est belle Travel Edition Set,1 items,from €71.90
https://cdn.heinemann-shop.com/images/h23/h48/9471073353758.jpg,Andre Piasso,"Andre Piasso, 9 in 1 earring selection, Farbe: gold, rosegold and rhodium plated",,€38.00
https://cdn.heinemann-shop.com/images/hff/h52/9501665722398.jpg,Bassermann-Jordan,"Bassermann-Jordan, Riesling, Kabinett, Pfalz, semi-sweet, white, (srew cap), 0.75L",0.75 l (€18.53 / 1 l),€13.90
https://cdn.heinemann-shop.com/images/he6/hdd/9462878732318.jpg,Jacob's Creek,"Jacob's Creek, Winemaker Reserve, Shiraz, Barossa, dry, red (screw cap) 0.75L",0.75 l (€21.20 / 1 l),€15.90
https://cdn.heinemann-shop.com/images/hba/hde/9390198521886.jpg,Bassermann-Jordan,"Bassermann-Jordan, Pinot Blanc, QbA, dry, white (screw cap), 0.75L",0.75 l (€12.67 / 1 l),€9.50
https://cdn.heinemann-shop.com/images/h8b/hf5/9380912857118.jpg,Clinique,Clinique All About Eyes Serum De-Puffing Eye Massage Duo,1 items,from €51.90
https://cdn.heinemann-shop.com/images/hc7/h8f/9380920066078.jpg,Versace,Versace Yellow Diamond Duo Set,1 items,from €61.90
https://cdn.heinemann-shop.com/images/hb0/hf5/9495939842078.jpg,Freia,M Peanuts 350g,350 g (€16.86 / 1000 g),€5.90
https://cdn.heinemann-shop.com/images/h3d/hb6/9462871883806.jpg,Chivas,Chivas Brothers' Blend 12 years old 40% 1L,1 l (€51.50 / 1 l),from €51.50
https://cdn.heinemann-shop.com/images/h32/h26/9379250896926.jpg,M&M,M&M's Peanut Party Pack 1000g,1000 g (€16.90 / 1000 g),from €16.90
https://cdn.heinemann-shop.com/images/h5c/h80/9476060151838.jpg,Elizabeth Arden,Elizabeth Arden 8-Hour Lip Protectant Tin 1,13 ml (€65.38 / 100 ml),from €8.50
https://cdn.heinemann-shop.com/images/hea/hc8/9327597944862.jpg,Kweichow Moutai,Kweichow Moutai 53% 0.375L +2Gl,0.375 l (€799.73 / 1 l),from €299.90
https://cdn.heinemann-shop.com/images/h2f/h15/9327955673118.jpg,Masi,"Masi, Nectar Campofiorin, Rosso del Veronese, IGP, dry, red, 0.75L",0.75 l (€21.20 / 1 l),€15.90
https://cdn.heinemann-shop.com/images/hc2/hd5/9495943708702.jpg,Marabou,Marabou Black Saltlakrits 220g,220 g (€2.04 / 100 g),€4.50
https://cdn.heinemann-shop.com/images/hab/h21/9378942287902.jpg,Anthon Berg,Anthon Berg Chocolate Cocktails 26 pieces 400g,400 g (€38.75 / 1000 g),from €15.50
https://cdn.heinemann-shop.com/images/h61/h3a/9378850045982.jpg,Ahlgrens,Ahlgrens Bilar limousiner 450g,450 g (€2.02 / 100 g),€9.10
https://cdn.heinemann-shop.com/images/h17/h84/9378778775582.jpg,Karl Fazer,Karl Fazer Selection Travel Box 295g,295 g (€28.81 / 1000 g),€8.50
https://cdn.heinemann-shop.com/images/hb4/h30/9390190002206.jpg,Bassermann-Jordan,"Bassermann-Jordan, Pfalz, QbA, dry, rosé (screw cap)",0.75 l (€15.87 / 1 l),€11.90
https://cdn.heinemann-shop.com/images/hd6/h00/9378811576350.jpg,Smarties,Smarties mini snack bag 180g,180 g (€3.06 / 100 g),from €5.50
https://cdn.heinemann-shop.com/images/h62/hc1/9327797567518.jpg,Masi,"Masi, Nectar Costasera, Amarone della Valpolicella Classico, DOCG, dry, red, 0.75L",0.75 l (€38.53 / 1 l),from €28.90
https://cdn.heinemann-shop.com/images/h4e/h0b/9378668216350.jpg,Clarins,Clarins Instant Light Lip Perfector Set,1 items,from €29.50
https://cdn.heinemann-shop.com/images/h85/hea/9378647638046.jpg,Max Factor,Max Factor 2000 Calorie Mascara Black Duo,1 items,€18.90
https://cdn.heinemann-shop.com/images/hb8/he5/9471169363998.jpg,Buckley,"Buckley, ladies Ring",,€35.00
https://cdn.heinemann-shop.com/images/h0a/hff/9474395308062.jpg,Skittles,Skittles Crazy Sours pouch 400g,400 g (€19.25 / 1000 g),from €7.70
https://cdn.heinemann-shop.com/images/h56/hd2/9379240247326.jpg,Skittles,Skittles Fruits pouch 400g,400 g (€19.25 / 1000 g),from €7.70
https://cdn.heinemann-shop.com/images/h4b/h14/9327949643806.jpg,Celebrations,Celebrations Jar 810g,810 g (€28.27 / 1000 g),from €22.90
https://cdn.heinemann-shop.com/images/he2/h70/9378654748702.jpg,Wrigley's,Wrigley's Extra Spearmint multipack 30x10 pallets,420 g (€53.57 / 1000 g),€22.50
https://cdn.heinemann-shop.com/images/h41/h3f/9495937351710.jpg,Oreo,Oreo Mini pouch 250g,250 g (€26.00 / 1000 g),from €6.50
https://cdn.heinemann-shop.com/images/h17/h83/9378523086878.jpg,Versace,Versace Miniature Mixed Collection,1 items,from €42.90
https://cdn.heinemann-shop.com/images/h7f/h40/9378675523614.jpg,Elizabeth Arden,Elizabeth Arden Eight Hour Lip Tints Trio,1 items,from €41.90
https://cdn.heinemann-shop.com/images/h7b/hce/9387481235486.jpg,Bache-Gabrielsen,Bache-Gabrielsen Signature 40% 1L,1 l (€43.90 / 1 l),€43.90
https://cdn.heinemann-shop.com/images/ha2/h81/9387465375774.jpg,Bache-Gabrielsen,Bache-Gabrielsen Thomas XO Prestige 40% 0.5L,0.5 l (€97.80 / 1 l),€48.90
https://cdn.heinemann-shop.com/images/hf4/h13/9477394956318.jpg,Glenfiddich,Glenfiddich Reserve Cask 40% 1L Tube,1 l (€60.90 / 1 l),from €60.90
https://cdn.heinemann-shop.com/images/h8a/h46/9240838209566.jpg,Wittmann,"Wittmann, Grauburgunder, Rheinhessen, QbA, dry, white (screwcap) 0.75L, Organic",0.75 l (€14.53 / 1 l),€10.90
https://cdn.heinemann-shop.com/images/hb4/h15/9378545827870.jpg,Clinique,Clinique Dramatically Different Moisturizing Lotion+ Duo,1 items,from €71.90
https://cdn.heinemann-shop.com/images/h6a/h25/9400773902366.jpg,Clinique,Clinique Daily Essentials Dry Combination Set,1 items,from €52.90
https://cdn.heinemann-shop.com/images/h2f/hcf/9378538520606.jpg,Clinique,Clinique Dramatically Different Moisturizing Gel Duo,1 items,from €71.90
https://cdn.heinemann-shop.com/images/h8e/h57/9462354673694.jpg,Talisker,Talisker Dark Storm 45.8% 1L,1 l (€77.90 / 1 l),from €77.90
https://cdn.heinemann-shop.com/images/h64/h3f/9378515976222.jpg,Polo Ralph Lauren,Ralph Lauren Coffret,1 items,from €51.90
https://cdn.heinemann-shop.com/images/h02/hf6/9378966372382.jpg,Mentos,Mentos Pouch Bag Fruit 175g,175 g (€2.00 / 100 g),from €3.50
https://cdn.heinemann-shop.com/images/h9b/h3c/9378976956446.jpg,Ricola,Ricola Swiss Herb Drops Large Box 4x45g,180 g (€4.28 / 100 g),from €7.70
https://cdn.heinemann-shop.com/images/h2d/h21/9379373678622.jpg,Pittjes,"Pittjes Almonds Classic, roasted & salted, 150g",150 g (€3.67 / 100 g),€5.50
https://cdn.heinemann-shop.com/images/hdd/hf7/9378821701662.jpg,Fisherman's Friend,Fisherman's Friend Blackcurrant 4 x 25 g,100 g (€5.90 / 100 g),€5.90
https://cdn.heinemann-shop.com/images/hfd/h3c/9378531147806.jpg,Anthon Berg,Anthon Berg Sweet Moments Marzipan Collection 400g,400 g (€35.75 / 1000 g),€14.30
https://cdn.heinemann-shop.com/images/h38/h7a/9221704384542.jpg,Glenfarclas,Glenfarclas 18y 43% 1L,1 l (€112.90 / 1 l),from €112.90
https://cdn.heinemann-shop.com/images/h10/hb0/9390183383070.jpg,Bassermann-Jordan,"Bassermann-Jordan, Pionier, Sauvignon Blanc, QbA, Pfalz, dry, white, 0.75L",0.75 l (€17.20 / 1 l),€12.90
https://cdn.heinemann-shop.com/images/haf/hde/9378729164830.jpg,Elizabeth Arden,Elizabeth Arden 8-Hour Lip Protectant Stick SPF 15 Trio,1 items,from €41.90
https://cdn.heinemann-shop.com/images/h59/h30/9378922823710.jpg,Versace,Versace Eros Duo Eau de Toilette 60ml Duo Set,1 items,from €54.90
https://cdn.heinemann-shop.com/images/h68/hf9/9468449619998.jpg,Premier Portfolio,"Premier Portfolio, fire truck",,€17.90
https://cdn.heinemann-shop.com/images/hb3/h5e/9378524659742.jpg,Dumle,Dumle Mix3 standing bag 350g,350 g (€18.00 / 1000 g),€6.30
https://cdn.heinemann-shop.com/images/h64/h46/9378496282654.jpg,Dumle,Dumle Original standing bag 350g,350 g (€18.00 / 1000 g),€6.30
https://cdn.heinemann-shop.com/images/hfd/h0d/9480264941598.jpg,Haribo,Haribo Starmix 500g,500 g (€8.60 / 1000 g),from €4.30
https://cdn.heinemann-shop.com/images/h9a/h5c/9378988687390.jpg,Ritter Sport,Ritter Sport Mini Tower 250g,250 g (€30.00 / 1000 g),from €7.50
https://cdn.heinemann-shop.com/images/hb3/h6c/9025425244190.jpg,Lindt,Lindt Excellence Gourmet Selection 4x100g,400 g (€32.25 / 1000 g),from €12.90
https://cdn.heinemann-shop.com/images/h51/h4c/9176915968030.jpg,Wittmann,"Wittmann, Limestone Rocks, Riesling, Rheinhessen, QbA, dry, white (screwcap, organic)",0.75 l (€21.20 / 1 l),€15.90
https://cdn.heinemann-shop.com/images/h57/h55/9394598281246.jpg,Lancôme,Lancôme La Collection de Parfum Coffret,1 items,from €49.90
https://cdn.heinemann-shop.com/images/heb/hef/9428858667038.jpg,Hershey's,Hershey's Miniature Pouch 500g,500 g (€29.80 / 1000 g),from €14.90
https://cdn.heinemann-shop.com/images/hc7/h9d/9471178113054.jpg,Buckley,"Buckley, Forever, ladies earrings set, 4 pairs of earrings, material: silver plated",,€49.00
https://cdn.heinemann-shop.com/images/h62/hfe/9462901014558.jpg,The Glenlivet,The Glenlivet Nadurra Oloroso 48% 1L Giftpack,1 l (€69.90 / 1 l),from €69.90
https://cdn.heinemann-shop.com/images/hd6/hcd/9495949574174.jpg,Marabou,Marabou Oreo 220g,220 g (€2.04 / 100 g),€4.50
https://cdn.heinemann-shop.com/images/h68/h72/9379285434398.jpg,Moroccanoil,Moroccanoil Treatment Light 50 ml,50 ml (€57.80 / 100 ml),from €28.90
https://cdn.heinemann-shop.com/images/h47/h5c/9395598819358.jpg,Clarins,Clarins Super Restorative Set,1 items,€155.90
https://cdn.heinemann-shop.com/images/h9b/h6e/9176941854750.jpg,Markus Molitor,"Markus Molitor, Riesling, QbA, Mosel, dry, white, 0.75L, Alte Reben Mosel Prestige",0.75 l (€27.87 / 1 l),€20.90
https://cdn.heinemann-shop.com/images/h6f/hfb/9327952003102.jpg,Rémy Martin,Rémy Martin Cellar Master 16 40% 1L Giftpack,1 l (€68.90 / 1 l),from €68.90
https://cdn.heinemann-shop.com/images/h12/h64/9501275160606.jpg,Markus Molitor,"Markus Molitor, Riesling, QbA, Mosel, dry, white, 0.75L",0.75 l (€15.87 / 1 l),€11.90
https://cdn.heinemann-shop.com/images/h28/hae/9379410214942.jpg,Clinique,Clinique Great Skin Starts Here Type I/II Set,1 items,from €41.90
https://cdn.heinemann-shop.com/images/hf6/h01/9378618998814.jpg,Moroccanoil,Moroccanoil Hair Treatment 50 ml,50 ml (€57.80 / 100 ml),from €28.90
https://cdn.heinemann-shop.com/images/hd1/h70/9454176403486.jpg,Bobbi Brown,Bobbi Brown Instant Pretty Eye + Cheek Palette,1 items,€47.90
https://cdn.heinemann-shop.com/images/he8/haf/9378804891678.jpg,Elizabeth Arden,Elizabeth Arden Eight Hour Survival Set,1 items,€29.90
https://cdn.heinemann-shop.com/images/hd9/h40/9330473664542.jpg,Toblerone,Toblerone Gold 6 x 100g,600 g (€22.50 / 1000 g),from €13.50
https://cdn.heinemann-shop.com/images/h7c/hf7/9379098263582.jpg,Haribo,Haribo Happy Cola 500g,500 g (€8.60 / 1000 g),from €4.30
https://cdn.heinemann-shop.com/images/h83/h2e/9495954849822.jpg,Freia,Freia Fruit & Nut 250g,250 g (€17.20 / 1000 g),€4.30
https://cdn.heinemann-shop.com/images/h3d/h30/9380921966622.jpg,Mentos,"Mentos Bubble Gum sugarfree, 120g",120 g (€4.08 / 100 g),from €4.90
https://cdn.heinemann-shop.com/images/h6b/hdf/9380706353182.jpg,Ahlgrens,Ahlgrens Bilar Sour 3 x 130g,390 g (€20.77 / 1000 g),€8.10
https://cdn.heinemann-shop.com/images/h8e/ha5/9495952949278.jpg,Freia,Freia Daim Tablet 250g,250 g (€17.20 / 1000 g),€4.30
https://cdn.heinemann-shop.com/images/h5a/h03/9380911710238.jpg,Mirabell,Mirabell Mozartkugeln Bag 273g,273 g (€30.40 / 1000 g),from €8.30
https://cdn.heinemann-shop.com/images/h0b/h78/9380947820574.jpg,Salmiakki,Salmiaki Multipack 160g,160 g (€3.69 / 100 g),€5.90
https://cdn.heinemann-shop.com/images/h95/hf2/9381059657758.jpg,Smarties,Smarties Mini Sharing Bag 446g,446 g (€26.68 / 1000 g),from €11.90
https://cdn.heinemann-shop.com/images/h24/h53/9380713168926.jpg,Daim,"Daim minis party bag, 1 kg",1000 g (€24.90 / 1000 g),from €24.90
https://cdn.heinemann-shop.com/images/hc1/hdb/9495936663582.jpg,Freia,Freia Firklöver 250g,250 g (€17.20 / 1000 g),€4.30
https://cdn.heinemann-shop.com/images/hc4/hdd/9100505448478.jpg,Starbrook,"Starbrook ""Fleet"" Milk Chocolate Cruise Ships 200g",200 g (€4.15 / 100 g),€8.30
https://cdn.heinemann-shop.com/images/h11/h4c/9380701929502.jpg,Tyrkisk Peber,Tyrkisk Peber Tin 375g,375 g (€15.73 / 1000 g),from €5.90
https://cdn.heinemann-shop.com/images/h55/he6/9380819632158.jpg,Tyrkisk Peber,Tyrkisk Peber Pouch 400g,400 g (€15.75 / 1000 g),€6.30
https://cdn.heinemann-shop.com/images/h1c/h0f/9493561606174.jpg,DKNY,DKNY Be Delicious Duo Set,1 items,from €48.90
https://cdn.heinemann-shop.com/images/hf4/hd7/9427407372318.jpg,L'Oréal Paris,L'Oréal Revitalift Programme Set,1 items,from €29.90
https://cdn.heinemann-shop.com/images/hf6/h78/9380544151582.jpg,Estée Lauder,Estée Lauder Pleasures Duo Set,1 items,from €59.90
https://cdn.heinemann-shop.com/images/h17/h50/9380755210270.jpg,Pingvin,Pingvin salt pastilles 800g,800 g (€14.88 / 1000 g),€11.90
https://cdn.heinemann-shop.com/images/h79/h3b/9380901945374.jpg,Lindt,LindtAssorted Napolitains Gold Can 300g,300 g (€79.67 / 1000 g),€23.90
https://cdn.heinemann-shop.com/images/h53/h9b/9380842766366.jpg,Karl Fazer,Karl Fazer Milk Chocolate 250g,250 g (€18.00 / 1000 g),€4.50
https://cdn.heinemann-shop.com/images/hab/h50/9380630331422.jpg,Versace,Versace Man Eau Fraîche Duo Set,1 items,from €49.90
https://cdn.heinemann-shop.com/images/h31/h78/9426994593822.jpg,L'Oréal Paris,L'Oréal Paris Men Expert Mini Shaving Trio Set,1 items,from €11.90
https://cdn.heinemann-shop.com/images/h6b/h9a/9380705009694.jpg,Yves Saint Laurent,Yves Saint Laurent Touche Éclat Make-up Duo,1 items,from €56.90
https://cdn.heinemann-shop.com/images/h39/hb6/9470964596766.jpg,Swarovski,"Swarovski, women's set, 38/0.5X1 cm",,€127.90
https://cdn.heinemann-shop.com/images/h66/he5/9359872426014.jpg,Clarins,Clarins Instant Light Lip Perfector Duo,1 items,€29.50
https://cdn.heinemann-shop.com/images/ha7/h2c/9380883791902.jpg,Prestige & Collections,Lancôme Première Collection Coffret,1 items,from €42.90
https://cdn.heinemann-shop.com/images/h7d/he2/9381008801822.jpg,Versace,Versace Bright Crystal Duo Set,1 items,from €61.90
https://cdn.heinemann-shop.com/images/hd8/h3c/9491015729182.jpg,Shiseido,Shiseido Ultimune Power infusing concentrate 100 ml,100 ml (€147.90 / 100 ml),from €147.90
https://cdn.heinemann-shop.com/images/hd0/h38/9409871380510.jpg,Boss,Boss Coffret,1 items,€42.90
https://cdn.heinemann-shop.com/images/he0/h2e/9379246473246.jpg,Clarins,Clarins Body Care Set,1 items,from €39.90
https://cdn.heinemann-shop.com/images/h4c/h96/9378916139038.jpg,Clarins,Clarins Lip Perfector Set,1 items,from €29.50
https://cdn.heinemann-shop.com/images/h25/h00/9415521796126.jpg,Feodora,Feodora Grand'or 75% 150g,150 g (€5.00 / 100 g),€7.50
https://cdn.heinemann-shop.com/images/h88/hd2/9329250730014.jpg,Lindt,Lindt Assorted Napolitains Carrier Box 750g,750 g (€37.20 / 1000 g),from €27.90
https://cdn.heinemann-shop.com/images/hd7/h0f/9338148913182.jpg,Bobbi Brown,Bobbi Brown Long-Wear Gel Eye Liner Duo Set,1 items,€41.90
https://cdn.heinemann-shop.com/images/hab/hd0/9380986224670.jpg,Toblerone,Toblerone Dark 6x100g,600 g (€22.50 / 1000 g),€13.50
https://cdn.heinemann-shop.com/images/ha7/hb7/9331125420062.jpg,Toblerone,"Toblerone white, 6 x 100g",600 g (€22.50 / 1000 g),€13.50
https://cdn.heinemann-shop.com/images/hcb/h2d/9329495900190.jpg,Toblerone,Toblerone Fruit & Nut 6x100g,600 g (€22.50 / 1000 g),from €13.50
https://cdn.heinemann-shop.com/images/hf1/h6b/9379352051742.jpg,Toblerone,"Toblerone, dark, 100g",100 g (€2.50 / 100 g),€2.50
https://cdn.heinemann-shop.com/images/h65/h78/9330410258462.jpg,Kiehl's,Kiehl's Skin Care Set,1 items,€72.90
https://cdn.heinemann-shop.com/images/h85/h1b/9338361806878.jpg,Bobbi Brown,Bobbi Brown Statement Lips Luxe Lip Color Trio Lipstick Set,1 items,€83.90
https://cdn.heinemann-shop.com/images/h58/ha6/9380933304350.jpg,Elizabeth Arden,Elizabeth Arden Eight Hour Face Care Set 95 ml,1 items,€49.90
https://cdn.heinemann-shop.com/images/he0/h18/9437012590622.jpg,Givenchy,Givenchy Hydra Sparkling Set,1 items,€73.90
https://cdn.heinemann-shop.com/images/hc8/h79/9330557943838.jpg,Laroche,"Laroche, Les Chanoines, Chablis, AOC, dry, white (screw cap) 0.375L",0.375 l (€29.07 / 1 l),€10.90
https://cdn.heinemann-shop.com/images/hc1/hc2/9380906860574.jpg,Malaco,Malaco Gott Blandat 550g,550 g (€12.18 / 1000 g),€6.70
https://cdn.heinemann-shop.com/images/h82/ha0/9380931633182.jpg,Malaco,Malaco Surt Blandat 450g,450 g (€1.49 / 100 g),€6.70
https://cdn.heinemann-shop.com/images/hf4/hf1/9380802494494.jpg,Malaco,Malaco Familie Guf 500g,500 g (€13.40 / 1000 g),€6.70
https://cdn.heinemann-shop.com/images/h39/h26/9495954325534.jpg,Marabou,Marabou Apelsinkrokant 250g,250 g (€18.00 / 1000 g),€4.50
https://cdn.heinemann-shop.com/images/h7a/h06/9332411498526.jpg,Laroche,"Laroche, Chablis Premier Cru, La Chantrerie, AOC, Burgundy, dry, white, (screw cap), 0.75L",0.75 l (€31.33 / 1 l),€23.50
https://cdn.heinemann-shop.com/images/hf7/hbd/9495937581086.jpg,Freia,"Freia I love Norway,chocolate hearts 260g",260 g (€29.62 / 1000 g),€7.70
https://cdn.heinemann-shop.com/images/h9e/h2c/9380952703006.jpg,Ahlgrens,Ahlgrens Bilar Original 2 x 200g,400 g (€20.25 / 1000 g),€8.10
https://cdn.heinemann-shop.com/images/h6e/hf3/9380949032990.jpg,Cloetta,Lakrisal Tube 10x26g,250 g (€29.20 / 1000 g),€7.30
https://cdn.heinemann-shop.com/images/hb3/h17/9415529398302.jpg,Feodora,Feodora Choco Art 112g,112.5 g (€8.44 / 100 g),€9.50
https://cdn.heinemann-shop.com/images/h0c/h10/9489018060830.jpg,Mentos,Mentos Pencil Case with Mini Mentos Rolls 168g,168 g (€3.16 / 100 g),from €5.30
https://cdn.heinemann-shop.com/images/h60/h35/9327972876318.jpg,Starbrook,Starbrook Giant Chocolate Tablet Milk with Whole Hazelnuts 400g,400 g (€24.75 / 1000 g),from €9.90
https://cdn.heinemann-shop.com/images/h2b/hcc/9329332944926.jpg,Kids World,Disney's World Fairies Eau de Toilette Metallic Tin 50 ml,50 ml (€55.00 / 100 ml),from €27.50
https://cdn.heinemann-shop.com/images/h07/h0b/9380542414878.jpg,Fisherman's Friend,Fisherman's Friend Original Extra Strong Tin 40g,40 g (€9.75 / 100 g),from €3.90
https://cdn.heinemann-shop.com/images/hd7/hd3/9380993597470.jpg,L'Oréal Paris,L'Oréal Paris Age Perfect Program Set,1 items,from €26.90
https://cdn.heinemann-shop.com/images/h90/ha8/9379420536862.jpg,Celebrations,Celebrations sharing bag 240g,240 g (€2.88 / 100 g),from €6.90
https://cdn.heinemann-shop.com/images/hd1/h52/9380864557086.jpg,Snickers,"Snickers Mono Pouch, 500g",500 g (€17.80 / 1000 g),from €8.90
https://cdn.heinemann-shop.com/images/h8f/h86/9514591518750.jpg,Nutella,"Nutella Weekly Pack, 7 x 30g",210 g (€6.62 / 100 g),from €13.90
https://cdn.heinemann-shop.com/images/h93/hd5/9380859740190.jpg,Twix,"Twix Mono Pouch, 500g",500 g (€17.80 / 1000 g),from €8.90
https://cdn.heinemann-shop.com/images/hc2/h04/9380733091870.jpg,Jägermeister,Jägermeister 35% 2x0.5L + 2 Glasses,1 l (€17.90 / 1 l),from €17.90
https://cdn.heinemann-shop.com/images/h2a/hd6/9331003916318.jpg,Kids World,Disney's World Princess Eau de Toilette 50 ml,50 ml (€27.00 / 100 ml),from €13.50
https://cdn.heinemann-shop.com/images/h7a/hc2/9380628955166.jpg,Toblerone,Toblerone Gold 200g,200 g (€2.45 / 100 g),€4.90
https://cdn.heinemann-shop.com/images/h2e/hee/9407588368414.jpg,Chupa Chups,Chupa Chups Plush Figure Back Pack with 16 Lollipops 192g,192 g (€8.28 / 100 g),from €15.90
https://cdn.heinemann-shop.com/images/ha1/h16/9379085877278.jpg,Karl Fazer,Karl Fazer Milk Chocolate Travel Box 295g,295 g (€28.81 / 1000 g),€8.50
https://cdn.heinemann-shop.com/images/h44/h5a/9260951568414.jpg,Revlon,Revlon Lustrous Super Cube Set,1 items,€49.90
https://cdn.heinemann-shop.com/images/h47/h67/9379240017950.jpg,L'Oréal Paris,L'Oréal Paris Volume Million Lashes Excess Duo Set,1 items,from €21.50
https://cdn.heinemann-shop.com/images/hce/hce/9379105407006.jpg,L'Oréal Paris,L'Oréal Paris Age Perfect Cell Renew Program Set,1 items,from €29.90
https://cdn.heinemann-shop.com/images/hf0/h3b/9515088773150.jpg,Lancôme,Lancôme La vie est belle Travel Edition Set,1 items,from €71.90
https://cdn.heinemann-shop.com/images/h23/h48/9471073353758.jpg,Andre Piasso,"Andre Piasso, 9 in 1 earring selection, Farbe: gold, rosegold and rhodium plated",,€38.00
https://cdn.heinemann-shop.com/images/hff/h52/9501665722398.jpg,Bassermann-Jordan,"Bassermann-Jordan, Riesling, Kabinett, Pfalz, semi-sweet, white, (srew cap), 0.75L",0.75 l (€18.53 / 1 l),€13.90
https://cdn.heinemann-shop.com/images/he6/hdd/9462878732318.jpg,Jacob's Creek,"Jacob's Creek, Winemaker Reserve, Shiraz, Barossa, dry, red (screw cap) 0.75L",0.75 l (€21.20 / 1 l),€15.90
https://cdn.heinemann-shop.com/images/hba/hde/9390198521886.jpg,Bassermann-Jordan,"Bassermann-Jordan, Pinot Blanc, QbA, dry, white (screw cap), 0.75L",0.75 l (€12.67 / 1 l),€9.50
https://cdn.heinemann-shop.com/images/h8b/hf5/9380912857118.jpg,Clinique,Clinique All About Eyes Serum De-Puffing Eye Massage Duo,1 items,from €51.90
https://cdn.heinemann-shop.com/images/hc7/h8f/9380920066078.jpg,Versace,Versace Yellow Diamond Duo Set,1 items,from €61.90
https://cdn.heinemann-shop.com/images/hb0/hf5/9495939842078.jpg,Freia,M Peanuts 350g,350 g (€16.86 / 1000 g),€5.90
https://cdn.heinemann-shop.com/images/h3d/hb6/9462871883806.jpg,Chivas,Chivas Brothers' Blend 12 years old 40% 1L,1 l (€51.50 / 1 l),from €51.50
https://cdn.heinemann-shop.com/images/h32/h26/9379250896926.jpg,M&M,M&M's Peanut Party Pack 1000g,1000 g (€16.90 / 1000 g),from €16.90
https://cdn.heinemann-shop.com/images/h5c/h80/9476060151838.jpg,Elizabeth Arden,Elizabeth Arden 8-Hour Lip Protectant Tin 1,13 ml (€65.38 / 100 ml),from €8.50
https://cdn.heinemann-shop.com/images/hea/hc8/9327597944862.jpg,Kweichow Moutai,Kweichow Moutai 53% 0.375L +2Gl,0.375 l (€799.73 / 1 l),from €299.90
https://cdn.heinemann-shop.com/images/h2f/h15/9327955673118.jpg,Masi,"Masi, Nectar Campofiorin, Rosso del Veronese, IGP, dry, red, 0.75L",0.75 l (€21.20 / 1 l),€15.90
https://cdn.heinemann-shop.com/images/hc2/hd5/9495943708702.jpg,Marabou,Marabou Black Saltlakrits 220g,220 g (€2.04 / 100 g),€4.50
https://cdn.heinemann-shop.com/images/hab/h21/9378942287902.jpg,Anthon Berg,Anthon Berg Chocolate Cocktails 26 pieces 400g,400 g (€38.75 / 1000 g),from €15.50
https://cdn.heinemann-shop.com/images/h61/h3a/9378850045982.jpg,Ahlgrens,Ahlgrens Bilar limousiner 450g,450 g (€2.02 / 100 g),€9.10
https://cdn.heinemann-shop.com/images/h17/h84/9378778775582.jpg,Karl Fazer,Karl Fazer Selection Travel Box 295g,295 g (€28.81 / 1000 g),€8.50
https://cdn.heinemann-shop.com/images/hb4/h30/9390190002206.jpg,Bassermann-Jordan,"Bassermann-Jordan, Pfalz, QbA, dry, rosé (screw cap)",0.75 l (€15.87 / 1 l),€11.90
https://cdn.heinemann-shop.com/images/hd6/h00/9378811576350.jpg,Smarties,Smarties mini snack bag 180g,180 g (€3.06 / 100 g),from €5.50
https://cdn.heinemann-shop.com/images/h62/hc1/9327797567518.jpg,Masi,"Masi, Nectar Costasera, Amarone della Valpolicella Classico, DOCG, dry, red, 0.75L",0.75 l (€38.53 / 1 l),from €28.90
https://cdn.heinemann-shop.com/images/h4e/h0b/9378668216350.jpg,Clarins,Clarins Instant Light Lip Perfector Set,1 items,from €29.50
https://cdn.heinemann-shop.com/images/h85/hea/9378647638046.jpg,Max Factor,Max Factor 2000 Calorie Mascara Black Duo,1 items,€18.90
https://cdn.heinemann-shop.com/images/hb8/he5/9471169363998.jpg,Buckley,"Buckley, ladies Ring",,€35.00
https://cdn.heinemann-shop.com/images/h0a/hff/9474395308062.jpg,Skittles,Skittles Crazy Sours pouch 400g,400 g (€19.25 / 1000 g),from €7.70
https://cdn.heinemann-shop.com/images/h56/hd2/9379240247326.jpg,Skittles,Skittles Fruits pouch 400g,400 g (€19.25 / 1000 g),from €7.70
https://cdn.heinemann-shop.com/images/h4b/h14/9327949643806.jpg,Celebrations,Celebrations Jar 810g,810 g (€28.27 / 1000 g),from €22.90
https://cdn.heinemann-shop.com/images/he2/h70/9378654748702.jpg,Wrigley's,Wrigley's Extra Spearmint multipack 30x10 pallets,420 g (€53.57 / 1000 g),€22.50
https://cdn.heinemann-shop.com/images/h79/h3b/9380901945374.jpg,Lindt,LindtAssorted Napolitains Gold Can 300g,300 g (€79.67 / 1000 g),€23.90
https://cdn.heinemann-shop.com/images/h53/h9b/9380842766366.jpg,Karl Fazer,Karl Fazer Milk Chocolate 250g,250 g (€18.00 / 1000 g),€4.50
https://cdn.heinemann-shop.com/images/h31/h78/9426994593822.jpg,L'Oréal Paris,L'Oréal Paris Men Expert Mini Shaving Trio Set,1 items,from €11.90
https://cdn.heinemann-shop.com/images/h66/he5/9359872426014.jpg,Clarins,Clarins Instant Light Lip Perfector Duo,1 items,€29.50
https://cdn.heinemann-shop.com/images/haa/hc0/9331436617758.jpg,Kids World,Disney's World Fairies Eau de Toilette 50 ml,50 ml (€27.00 / 100 ml),from €13.50
https://cdn.heinemann-shop.com/images/h5f/h30/9503946539038.jpg,Elizabeth Arden,Elizabeth Arden Basic Skincare Good Night's Sleep Restoring Cream 50 ml,50 ml (€39.80 / 100 ml),from €19.90
https://cdn.heinemann-shop.com/images/ha7/h2c/9380883791902.jpg,Prestige & Collections,Lancôme Première Collection Coffret,1 items,from €42.90
https://cdn.heinemann-shop.com/images/hfc/h52/9415522254878.jpg,Feodora,Feodora Suitcase Milk 225g,225 g (€6.00 / 100 g),€13.50
https://cdn.heinemann-shop.com/images/hf3/hd6/9380759765022.jpg,Mentos,Mentos Meller Original,228 g (€3.03 / 100 g),from €6.90
https://cdn.heinemann-shop.com/images/hc2/h11/9329937481758.jpg,Lindt,Lindt Assorted Napolitains Carrier Box 1000g,1000 g (€34.90 / 1000 g),from €34.90
https://cdn.heinemann-shop.com/images/h59/h4c/9380931174430.jpg,Elizabeth Arden,Elizabeth Arden Green Tea Duo Set,1 items,from €18.70
https://cdn.heinemann-shop.com/images/h7d/he2/9381008801822.jpg,Versace,Versace Bright Crystal Duo Set,1 items,from €61.90
https://cdn.heinemann-shop.com/images/h00/h87/9379388915742.jpg,Versace,Versace Bright Crystal & Bright Crystal Absolu Duo Set,1 items,from €61.90
https://cdn.heinemann-shop.com/images/h05/h6a/9378505555998.jpg,Guerlain,Guerlain Terracotta Make Up Set N° 01 g,1 items,from €46.90
https://cdn.heinemann-shop.com/images/h48/h7f/9493557772318.jpg,DKNY,DKNY Fresh Blossom Duo Set,1 items,from €48.90
https://cdn.heinemann-shop.com/images/h87/hf6/9380765728798.jpg,Elizabeth Arden,Elizabeth Arden Eight Hour Travelers Set,1 items,from €39.90
https://cdn.heinemann-shop.com/images/h90/ha8/9379420536862.jpg,Celebrations,Celebrations sharing bag 240g,240 g (€2.88 / 100 g),from €6.90
https://cdn.heinemann-shop.com/images/h8f/h86/9514591518750.jpg,Nutella,"Nutella Weekly Pack, 7 x 30g",210 g (€6.62 / 100 g),from €13.90
https://cdn.heinemann-shop.com/images/heb/h89/9515452039198.jpg,Clinique,Clinique 3 Steps-System Skincare Plus Set,1 items,from €52.90
https://cdn.heinemann-shop.com/images/h2a/hd6/9331003916318.jpg,Kids World,Disney's World Princess Eau de Toilette 50 ml,50 ml (€27.00 / 100 ml),from €13.50
https://cdn.heinemann-shop.com/images/h7a/hc2/9380628955166.jpg,Toblerone,Toblerone Gold 200g,200 g (€2.45 / 100 g),€4.90
https://cdn.heinemann-shop.com/images/h8a/he0/9456769761310.jpg,Bobbi Brown,Bobbi Brown Bronze Shimmer Brick Compact Set,1 items,€52.90
https://cdn.heinemann-shop.com/images/h2e/hee/9407588368414.jpg,Chupa Chups,Chupa Chups Plush Figure Back Pack with 16 Lollipops 192g,192 g (€8.28 / 100 g),from €15.90
https://cdn.heinemann-shop.com/images/ha1/h16/9379085877278.jpg,Karl Fazer,Karl Fazer Milk Chocolate Travel Box 295g,295 g (€28.81 / 1000 g),€8.50
https://cdn.heinemann-shop.com/images/h44/h5a/9260951568414.jpg,Revlon,Revlon Lustrous Super Cube Set,1 items,€49.90
https://cdn.heinemann-shop.com/images/h47/h67/9379240017950.jpg,L'Oréal Paris,L'Oréal Paris Volume Million Lashes Excess Duo Set,1 items,from €21.50
https://cdn.heinemann-shop.com/images/hce/hce/9379105407006.jpg,L'Oréal Paris,L'Oréal Paris Age Perfect Cell Renew Program Set,1 items,from €29.90
https://cdn.heinemann-shop.com/images/hf0/h3b/9515088773150.jpg,Lancôme,Lancôme La vie est belle Travel Edition Set,1 items,from €71.90
https://cdn.heinemann-shop.com/images/h23/h48/9471073353758.jpg,Andre Piasso,"Andre Piasso, 9 in 1 earring selection, Farbe: gold, rosegold and rhodium plated",,€38.00
https://cdn.heinemann-shop.com/images/hff/h52/9501665722398.jpg,Bassermann-Jordan,"Bassermann-Jordan, Riesling, Kabinett, Pfalz, semi-sweet, white, (srew cap), 0.75L",0.75 l (€18.53 / 1 l),€13.90
https://cdn.heinemann-shop.com/images/he6/hdd/9462878732318.jpg,Jacob's Creek,"Jacob's Creek, Winemaker Reserve, Shiraz, Barossa, dry, red (screw cap) 0.75L",0.75 l (€21.20 / 1 l),€15.90
https://cdn.heinemann-shop.com/images/hba/hde/9390198521886.jpg,Bassermann-Jordan,"Bassermann-Jordan, Pinot Blanc, QbA, dry, white (screw cap), 0.75L",0.75 l (€12.67 / 1 l),€9.50
https://cdn.heinemann-shop.com/images/h8b/hf5/9380912857118.jpg,Clinique,Clinique All About Eyes Serum De-Puffing Eye Massage Duo,1 items,from €51.90
https://cdn.heinemann-shop.com/images/hc7/h8f/9380920066078.jpg,Versace,Versace Yellow Diamond Duo Set,1 items,from €61.90
https://cdn.heinemann-shop.com/images/hb0/hf5/9495939842078.jpg,Freia,M Peanuts 350g,350 g (€16.86 / 1000 g),€5.90
https://cdn.heinemann-shop.com/images/h3d/hb6/9462871883806.jpg,Chivas,Chivas Brothers' Blend 12 years old 40% 1L,1 l (€51.50 / 1 l),from €51.50
https://cdn.heinemann-shop.com/images/h32/h26/9379250896926.jpg,M&M,M&M's Peanut Party Pack 1000g,1000 g (€16.90 / 1000 g),from €16.90
https://cdn.heinemann-shop.com/images/h5c/h80/9476060151838.jpg,Elizabeth Arden,Elizabeth Arden 8-Hour Lip Protectant Tin 1,13 ml (€65.38 / 100 ml),from €8.50
https://cdn.heinemann-shop.com/images/hea/hc8/9327597944862.jpg,Kweichow Moutai,Kweichow Moutai 53% 0.375L +2Gl,0.375 l (€799.73 / 1 l),from €299.90
https://cdn.heinemann-shop.com/images/h2f/h15/9327955673118.jpg,Masi,"Masi, Nectar Campofiorin, Rosso del Veronese, IGP, dry, red, 0.75L",0.75 l (€21.20 / 1 l),€15.90
https://cdn.heinemann-shop.com/images/hc2/hd5/9495943708702.jpg,Marabou,Marabou Black Saltlakrits 220g,220 g (€2.04 / 100 g),€4.50
https://cdn.heinemann-shop.com/images/hab/h21/9378942287902.jpg,Anthon Berg,Anthon Berg Chocolate Cocktails 26 pieces 400g,400 g (€38.75 / 1000 g),from €15.50
https://cdn.heinemann-shop.com/images/h61/h3a/9378850045982.jpg,Ahlgrens,Ahlgrens Bilar limousiner 450g,450 g (€2.02 / 100 g),€9.10
https://cdn.heinemann-shop.com/images/h17/h84/9378778775582.jpg,Karl Fazer,Karl Fazer Selection Travel Box 295g,295 g (€28.81 / 1000 g),€8.50
https://cdn.heinemann-shop.com/images/hb4/h30/9390190002206.jpg,Bassermann-Jordan,"Bassermann-Jordan, Pfalz, QbA, dry, rosé (screw cap)",0.75 l (€15.87 / 1 l),€11.90
https://cdn.heinemann-shop.com/images/hd6/h00/9378811576350.jpg,Smarties,Smarties mini snack bag 180g,180 g (€3.06 / 100 g),from €5.50
https://cdn.heinemann-shop.com/images/h62/hc1/9327797567518.jpg,Masi,"Masi, Nectar Costasera, Amarone della Valpolicella Classico, DOCG, dry, red, 0.75L",0.75 l (€38.53 / 1 l),from €28.90
https://cdn.heinemann-shop.com/images/h4e/h0b/9378668216350.jpg,Clarins,Clarins Instant Light Lip Perfector Set,1 items,from €29.50
https://cdn.heinemann-shop.com/images/h85/hea/9378647638046.jpg,Max Factor,Max Factor 2000 Calorie Mascara Black Duo,1 items,€18.90
https://cdn.heinemann-shop.com/images/hb8/he5/9471169363998.jpg,Buckley,"Buckley, ladies Ring",,€35.00
https://cdn.heinemann-shop.com/images/h0a/hff/9474395308062.jpg,Skittles,Skittles Crazy Sours pouch 400g,400 g (€19.25 / 1000 g),from €7.70
https://cdn.heinemann-shop.com/images/h56/hd2/9379240247326.jpg,Skittles,Skittles Fruits pouch 400g,400 g (€19.25 / 1000 g),from €7.70
https://cdn.heinemann-shop.com/images/h4b/h14/9327949643806.jpg,Celebrations,Celebrations Jar 810g,810 g (€28.27 / 1000 g),from €22.90
https://cdn.heinemann-shop.com/images/he2/h70/9378654748702.jpg,Wrigley's,Wrigley's Extra Spearmint multipack 30x10 pallets,420 g (€53.57 / 1000 g),€22.50
https://cdn.heinemann-shop.com/images/h41/h3f/9495937351710.jpg,Oreo,Oreo Mini pouch 250g,250 g (€26.00 / 1000 g),from €6.50
https://cdn.heinemann-shop.com/images/h17/h83/9378523086878.jpg,Versace,Versace Miniature Mixed Collection,1 items,from €42.90
https://cdn.heinemann-shop.com/images/h7f/h40/9378675523614.jpg,Elizabeth Arden,Elizabeth Arden Eight Hour Lip Tints Trio,1 items,from €41.90
https://cdn.heinemann-shop.com/images/h7b/hce/9387481235486.jpg,Bache-Gabrielsen,Bache-Gabrielsen Signature 40% 1L,1 l (€43.90 / 1 l),€43.90
https://cdn.heinemann-shop.com/images/ha2/h81/9387465375774.jpg,Bache-Gabrielsen,Bache-Gabrielsen Thomas XO Prestige 40% 0.5L,0.5 l (€97.80 / 1 l),€48.90
https://cdn.heinemann-shop.com/images/hf4/h13/9477394956318.jpg,Glenfiddich,Glenfiddich Reserve Cask 40% 1L Tube,1 l (€60.90 / 1 l),from €60.90
https://cdn.heinemann-shop.com/images/h8a/h46/9240838209566.jpg,Wittmann,"Wittmann, Grauburgunder, Rheinhessen, QbA, dry, white (screwcap) 0.75L, Organic",0.75 l (€14.53 / 1 l),€10.90
https://cdn.heinemann-shop.com/images/hb4/h15/9378545827870.jpg,Clinique,Clinique Dramatically Different Moisturizing Lotion+ Duo,1 items,from €71.90
https://cdn.heinemann-shop.com/images/h6a/h25/9400773902366.jpg,Clinique,Clinique Daily Essentials Dry Combination Set,1 items,from €52.90
https://cdn.heinemann-shop.com/images/h2f/hcf/9378538520606.jpg,Clinique,Clinique Dramatically Different Moisturizing Gel Duo,1 items,from €71.90
https://cdn.heinemann-shop.com/images/h8e/h57/9462354673694.jpg,Talisker,Talisker Dark Storm 45.8% 1L,1 l (€77.90 / 1 l),from €77.90
https://cdn.heinemann-shop.com/images/h64/h3f/9378515976222.jpg,Polo Ralph Lauren,Ralph Lauren Coffret,1 items,from €51.90
https://cdn.heinemann-shop.com/images/h02/hf6/9378966372382.jpg,Mentos,Mentos Pouch Bag Fruit 175g,175 g (€2.00 / 100 g),from €3.50
https://cdn.heinemann-shop.com/images/h9b/h3c/9378976956446.jpg,Ricola,Ricola Swiss Herb Drops Large Box 4x45g,180 g (€4.28 / 100 g),from €7.70
https://cdn.heinemann-shop.com/images/h2d/h21/9379373678622.jpg,Pittjes,"Pittjes Almonds Classic, roasted & salted, 150g",150 g (€3.67 / 100 g),€5.50
https://cdn.heinemann-shop.com/images/hdd/hf7/9378821701662.jpg,Fisherman's Friend,Fisherman's Friend Blackcurrant 4 x 25 g,100 g (€5.90 / 100 g),€5.90
https://cdn.heinemann-shop.com/images/hfd/h3c/9378531147806.jpg,Anthon Berg,Anthon Berg Sweet Moments Marzipan Collection 400g,400 g (€35.75 / 1000 g),€14.30
https://cdn.heinemann-shop.com/images/h38/h7a/9221704384542.jpg,Glenfarclas,Glenfarclas 18y 43% 1L,1 l (€112.90 / 1 l),from €112.90
https://cdn.heinemann-shop.com/images/h10/hb0/9390183383070.jpg,Bassermann-Jordan,"Bassermann-Jordan, Pionier, Sauvignon Blanc, QbA, Pfalz, dry, white, 0.75L",0.75 l (€17.20 / 1 l),€12.90
https://cdn.heinemann-shop.com/images/haf/hde/9378729164830.jpg,Elizabeth Arden,Elizabeth Arden 8-Hour Lip Protectant Stick SPF 15 Trio,1 items,from €41.90
https://cdn.heinemann-shop.com/images/h59/h30/9378922823710.jpg,Versace,Versace Eros Duo Eau de Toilette 60ml Duo Set,1 items,from €54.90
https://cdn.heinemann-shop.com/images/h68/hf9/9468449619998.jpg,Premier Portfolio,"Premier Portfolio, fire truck",,€17.90
https://cdn.heinemann-shop.com/images/hb3/h5e/9378524659742.jpg,Dumle,Dumle Mix3 standing bag 350g,350 g (€18.00 / 1000 g),€6.30
https://cdn.heinemann-shop.com/images/h64/h46/9378496282654.jpg,Dumle,Dumle Original standing bag 350g,350 g (€18.00 / 1000 g),€6.30
https://cdn.heinemann-shop.com/images/hfd/h0d/9480264941598.jpg,Haribo,Haribo Starmix 500g,500 g (€8.60 / 1000 g),from €4.30
https://cdn.heinemann-shop.com/images/h9a/h5c/9378988687390.jpg,Ritter Sport,Ritter Sport Mini Tower 250g,250 g (€30.00 / 1000 g),from €7.50
https://cdn.heinemann-shop.com/images/hb3/h6c/9025425244190.jpg,Lindt,Lindt Excellence Gourmet Selection 4x100g,400 g (€32.25 / 1000 g),from €12.90
https://cdn.heinemann-shop.com/images/h51/h4c/9176915968030.jpg,Wittmann,"Wittmann, Limestone Rocks, Riesling, Rheinhessen, QbA, dry, white (screwcap, organic)",0.75 l (€21.20 / 1 l),€15.90
https://cdn.heinemann-shop.com/images/h57/h55/9394598281246.jpg,Lancôme,Lancôme La Collection de Parfum Coffret,1 items,from €49.90
https://cdn.heinemann-shop.com/images/heb/hef/9428858667038.jpg,Hershey's,Hershey's Miniature Pouch 500g,500 g (€29.80 / 1000 g),from €14.90
https://cdn.heinemann-shop.com/images/hc7/h9d/9471178113054.jpg,Buckley,"Buckley, Forever, ladies earrings set, 4 pairs of earrings, material: silver plated",,€49.00
https://cdn.heinemann-shop.com/images/h62/hfe/9462901014558.jpg,The Glenlivet,The Glenlivet Nadurra Oloroso 48% 1L Giftpack,1 l (€69.90 / 1 l),from €69.90
https://cdn.heinemann-shop.com/images/hd6/hcd/9495949574174.jpg,Marabou,Marabou Oreo 220g,220 g (€2.04 / 100 g),€4.50
https://cdn.heinemann-shop.com/images/h68/h72/9379285434398.jpg,Moroccanoil,Moroccanoil Treatment Light 50 ml,50 ml (€57.80 / 100 ml),from €28.90
https://cdn.heinemann-shop.com/images/h47/h5c/9395598819358.jpg,Clarins,Clarins Super Restorative Set,1 items,€155.90
https://cdn.heinemann-shop.com/images/h9b/h6e/9176941854750.jpg,Markus Molitor,"Markus Molitor, Riesling, QbA, Mosel, dry, white, 0.75L, Alte Reben Mosel Prestige",0.75 l (€27.87 / 1 l),€20.90
https://cdn.heinemann-shop.com/images/h6f/hfb/9327952003102.jpg,Rémy Martin,Rémy Martin Cellar Master 16 40% 1L Giftpack,1 l (€68.90 / 1 l),from €68.90
https://cdn.heinemann-shop.com/images/h12/h64/9501275160606.jpg,Markus Molitor,"Markus Molitor, Riesling, QbA, Mosel, dry, white, 0.75L",0.75 l (€15.87 / 1 l),€11.90
https://cdn.heinemann-shop.com/images/h28/hae/9379410214942.jpg,Clinique,Clinique Great Skin Starts Here Type I/II Set,1 items,from €41.90
https://cdn.heinemann-shop.com/images/hf6/h01/9378618998814.jpg,Moroccanoil,Moroccanoil Hair Treatment 50 ml,50 ml (€57.80 / 100 ml),from €28.90
https://cdn.heinemann-shop.com/images/hd1/h70/9454176403486.jpg,Bobbi Brown,Bobbi Brown Instant Pretty Eye + Cheek Palette,1 items,€47.90
https://cdn.heinemann-shop.com/images/he8/haf/9378804891678.jpg,Elizabeth Arden,Elizabeth Arden Eight Hour Survival Set,1 items,€29.90
https://cdn.heinemann-shop.com/images/hd9/h40/9330473664542.jpg,Toblerone,Toblerone Gold 6 x 100g,600 g (€22.50 / 1000 g),from €13.50
https://cdn.heinemann-shop.com/images/h7c/hf7/9379098263582.jpg,Haribo,Haribo Happy Cola 500g,500 g (€8.60 / 1000 g),from €4.30
https://cdn.heinemann-shop.com/images/h83/h2e/9495954849822.jpg,Freia,Freia Fruit & Nut 250g,250 g (€17.20 / 1000 g),€4.30
https://cdn.heinemann-shop.com/images/h3d/h30/9380921966622.jpg,Mentos,"Mentos Bubble Gum sugarfree, 120g",120 g (€4.08 / 100 g),from €4.90
https://cdn.heinemann-shop.com/images/h6b/hdf/9380706353182.jpg,Ahlgrens,Ahlgrens Bilar Sour 3 x 130g,390 g (€20.77 / 1000 g),€8.10
https://cdn.heinemann-shop.com/images/h8e/ha5/9495952949278.jpg,Freia,Freia Daim Tablet 250g,250 g (€17.20 / 1000 g),€4.30
https://cdn.heinemann-shop.com/images/h5a/h03/9380911710238.jpg,Mirabell,Mirabell Mozartkugeln Bag 273g,273 g (€30.40 / 1000 g),from €8.30
https://cdn.heinemann-shop.com/images/h0b/h78/9380947820574.jpg,Salmiakki,Salmiaki Multipack 160g,160 g (€3.69 / 100 g),€5.90
https://cdn.heinemann-shop.com/images/h95/hf2/9381059657758.jpg,Smarties,Smarties Mini Sharing Bag 446g,446 g (€26.68 / 1000 g),from €11.90
https://cdn.heinemann-shop.com/images/h24/h53/9380713168926.jpg,Daim,"Daim minis party bag, 1 kg",1000 g (€24.90 / 1000 g),from €24.90
https://cdn.heinemann-shop.com/images/hc1/hdb/9495936663582.jpg,Freia,Freia Firklöver 250g,250 g (€17.20 / 1000 g),€4.30
https://cdn.heinemann-shop.com/images/hc4/hdd/9100505448478.jpg,Starbrook,"Starbrook ""Fleet"" Milk Chocolate Cruise Ships 200g",200 g (€4.15 / 100 g),€8.30
https://cdn.heinemann-shop.com/images/h11/h4c/9380701929502.jpg,Tyrkisk Peber,Tyrkisk Peber Tin 375g,375 g (€15.73 / 1000 g),from €5.90
https://cdn.heinemann-shop.com/images/h55/he6/9380819632158.jpg,Tyrkisk Peber,Tyrkisk Peber Pouch 400g,400 g (€15.75 / 1000 g),€6.30
https://cdn.heinemann-shop.com/images/h1c/h0f/9493561606174.jpg,DKNY,DKNY Be Delicious Duo Set,1 items,from €48.90
https://cdn.heinemann-shop.com/images/hf4/hd7/9427407372318.jpg,L'Oréal Paris,L'Oréal Revitalift Programme Set,1 items,from €29.90
https://cdn.heinemann-shop.com/images/hf6/h78/9380544151582.jpg,Estée Lauder,Estée Lauder Pleasures Duo Set,1 items,from €59.90
https://cdn.heinemann-shop.com/images/h17/h50/9380755210270.jpg,Pingvin,Pingvin salt pastilles 800g,800 g (€14.88 / 1000 g),€11.90
https://cdn.heinemann-shop.com/images/h54/h47/9380849713182.jpg,Lancôme,Lancôme Definicils High Definition Mascara Trio,1 items,from €71.90
https://cdn.heinemann-shop.com/images/h31/h78/9426994593822.jpg,L'Oréal Paris,L'Oréal Paris Men Expert Mini Shaving Trio Set,1 items,from €11.90
https://cdn.heinemann-shop.com/images/h6b/h9a/9380705009694.jpg,Yves Saint Laurent,Yves Saint Laurent Touche Éclat Make-up Duo,1 items,from €56.90
https://cdn.heinemann-shop.com/images/h39/hb6/9470964596766.jpg,Swarovski,"Swarovski, women's set, 38/0.5X1 cm",,€127.90
https://cdn.heinemann-shop.com/images/ha7/h2c/9380883791902.jpg,Prestige & Collections,Lancôme Première Collection Coffret,1 items,from €42.90
https://cdn.heinemann-shop.com/images/hfc/h52/9415522254878.jpg,Feodora,Feodora Suitcase Milk 225g,225 g (€6.00 / 100 g),€13.50
https://cdn.heinemann-shop.com/images/hf3/hd6/9380759765022.jpg,Mentos,Mentos Meller Original,228 g (€3.03 / 100 g),from €6.90
https://cdn.heinemann-shop.com/images/hc2/h11/9329937481758.jpg,Lindt,Lindt Assorted Napolitains Carrier Box 1000g,1000 g (€34.90 / 1000 g),from €34.90
https://cdn.heinemann-shop.com/images/h0e/h3c/9378924658718.jpg,Essie,Essie Nail Polish Remover Nail Polish Remover N° 1 Good As Gone 125 ml,1 items,from €27.90
https://cdn.heinemann-shop.com/images/h6f/hde/9379412639774.jpg,Versace,Versace pour Homme & Dylan Blue Duo Set,1 items,from €53.90
https://cdn.heinemann-shop.com/images/h7d/he2/9381008801822.jpg,Versace,Versace Bright Crystal Duo Set,1 items,from €61.90
https://cdn.heinemann-shop.com/images/h05/h6a/9378505555998.jpg,Guerlain,Guerlain Terracotta Make Up Set N° 01 g,1 items,from €46.90
https://cdn.heinemann-shop.com/images/h91/h78/9330963316766.jpg,Kids World,Kids World Minions Set,1 items,€19.70
https://cdn.heinemann-shop.com/images/h48/h7f/9493557772318.jpg,DKNY,DKNY Fresh Blossom Duo Set,1 items,from €48.90
https://cdn.heinemann-shop.com/images/hd7/hd3/9380993597470.jpg,L'Oréal Paris,L'Oréal Paris Age Perfect Program Set,1 items,from €26.90
https://cdn.heinemann-shop.com/images/h87/hf6/9380765728798.jpg,Elizabeth Arden,Elizabeth Arden Eight Hour Travelers Set,1 items,from €39.90
https://cdn.heinemann-shop.com/images/hba/hfc/9331005095966.jpg,Laroche,"Laroche, Les Chanoines, Chablis, AOC, dry, white (screw cap) 0.75L",0.75 l (€23.33 / 1 l),€17.50
https://cdn.heinemann-shop.com/images/h07/h62/9388393431070.jpg,Biotherm,Biotherm Homme Day Control Deodorant Roll-on Trio,1 items,from €46.90
https://cdn.heinemann-shop.com/images/he6/h6a/9380871536670.jpg,Bounty,"Bounty Mono Pouch, 500g",500 g (€17.80 / 1000 g),from €8.90
https://cdn.heinemann-shop.com/images/hd1/h52/9380864557086.jpg,Snickers,"Snickers Mono Pouch, 500g",500 g (€17.80 / 1000 g),from €8.90
https://cdn.heinemann-shop.com/images/h93/hd5/9380859740190.jpg,Twix,"Twix Mono Pouch, 500g",500 g (€17.80 / 1000 g),from €8.90
https://cdn.heinemann-shop.com/images/h7a/hc2/9380628955166.jpg,Toblerone,Toblerone Gold 200g,200 g (€2.45 / 100 g),€4.90
https://cdn.heinemann-shop.com/images/h00/h30/9491023527966.jpg,Chupa Chups,"Chupa Chups Crazyplane with Lollipop, 12g",12 g (€24.17 / 100 g),from €2.90
https://cdn.heinemann-shop.com/images/h08/hed/9428855095326.jpg,Hershey's,Hershey's Extra Creamy Kisses Almond 375g,375 g (€31.73 / 1000 g),from €11.90
https://cdn.heinemann-shop.com/images/ha9/hc1/9380938874910.jpg,Clarins,Clarins Cream Jeunesse des Mains Hand Cream Duo,1 items,from €34.90
https://cdn.heinemann-shop.com/images/h8a/hbf/9330667454494.jpg,Louis Jadot,"Louis Jadot, Les Deux Versants, Pouilly-Fuissé, AOC, dry, white 0.75L",0.75 l (€38.53 / 1 l),€28.90
https://cdn.heinemann-shop.com/images/hd8/hf4/9180658073630.jpg,Louis Jadot,"Louis Jadot, Les Vireuils, Meursault, AOC, dry, white 0.75L",0.75 l (€78.53 / 1 l),€58.90
https://cdn.heinemann-shop.com/images/hda/h09/9380566499358.jpg,Clarins,Clarins Roll-on Deodorant Trio,1 items,from €45.90
https://cdn.heinemann-shop.com/images/h4f/ha6/9329142300702.jpg,Clarins,Clarins Men Antiperspirant Deo Roll-on Trio,1 items,from €44.90
https://cdn.heinemann-shop.com/images/hb2/h80/9380937859102.jpg,Jack Daniel's,Jack Daniel's Single Barrel 100 Proof 50% 0.7L Giftpack,0.7 l (€72.71 / 1 l),from €50.90
https://cdn.heinemann-shop.com/images/h67/h5b/9369901039646.jpg,Bürgerspital,"Bürgerspital, Würzburger Stein, Silvaner, Erste Lage, Franken, dry, white, 0.75L",0.75 l (€19.87 / 1 l),€14.90
https://cdn.heinemann-shop.com/images/h61/h52/9380960469022.jpg,Macallan,Macallan Oscuro 46.5% 0.7L Giftpack,"0.7 l (€1,828.43 / 1 l)","from €1,279.90"
https://cdn.heinemann-shop.com/images/hd3/h6a/9392790896670.jpg,Asbach,Asbach Urbrand 40% 0.5L PET,0.5 l (€20.60 / 1 l),from €10.30
https://cdn.heinemann-shop.com/images/h53/h24/9380939104286.jpg,Malaco,Malaco Favorit Mix 450g,450 g (€1.49 / 100 g),€6.70
https://cdn.heinemann-shop.com/images/h8d/h27/9331369377822.jpg,Oreo,Oreo Tin 396g,396 g (€30.05 / 1000 g),from €11.90
https://cdn.heinemann-shop.com/images/hba/hd9/9380759076894.jpg,Hubba Bubba,Hubba Bubba original multipack 4x5 gums 140g,140 g (€4.07 / 100 g),from €5.70
https://cdn.heinemann-shop.com/images/h7a/h79/9464861294622.jpg,Ferrero Rocher,"Ferrero Rocher, 600g",600 g (€39.17 / 1000 g),from €23.50
https://cdn.heinemann-shop.com/images/hea/hbc/9380664573982.jpg,Wrigley's,Wrigley's Extra White Sweetmint multipack 10x10 pallets 140g,140 g (€6.79 / 100 g),€9.50
https://cdn.heinemann-shop.com/images/hed/hf4/9029834080286.jpg,Werther's,Werther's Original Cream Toffees 280g,280 g (€12.50 / 1000 g),€3.50
https://cdn.heinemann-shop.com/images/h1a/h4f/9415472152606.jpg,Hachez,Hachez Rouge & Noir 400g,400 g (€27.25 / 1000 g),from €10.90
https://cdn.heinemann-shop.com/images/h9e/hae/9380872224798.jpg,Lancôme,Lancôme Mascara Hypnose Drama Trio,1 items,from €76.90
https://cdn.heinemann-shop.com/images/ha1/h16/9379085877278.jpg,Karl Fazer,Karl Fazer Milk Chocolate Travel Box 295g,295 g (€28.81 / 1000 g),€8.50
https://cdn.heinemann-shop.com/images/hba/hde/9390198521886.jpg,Bassermann-Jordan,"Bassermann-Jordan, Pinot Blanc, QbA, dry, white (screw cap), 0.75L",0.75 l (€12.67 / 1 l),€9.50
https://cdn.heinemann-shop.com/images/h8b/hf5/9380912857118.jpg,Clinique,Clinique All About Eyes Serum De-Puffing Eye Massage Duo,1 items,from €51.90
https://cdn.heinemann-shop.com/images/hc7/h8f/9380920066078.jpg,Versace,Versace Yellow Diamond Duo Set,1 items,from €61.90
https://cdn.heinemann-shop.com/images/hb0/hf5/9495939842078.jpg,Freia,M Peanuts 350g,350 g (€16.86 / 1000 g),€5.90
https://cdn.heinemann-shop.com/images/h3d/hb6/9462871883806.jpg,Chivas,Chivas Brothers' Blend 12 years old 40% 1L,1 l (€51.50 / 1 l),from €51.50
https://cdn.heinemann-shop.com/images/h32/h26/9379250896926.jpg,M&M,M&M's Peanut Party Pack 1000g,1000 g (€16.90 / 1000 g),from €16.90
https://cdn.heinemann-shop.com/images/h5c/h80/9476060151838.jpg,Elizabeth Arden,Elizabeth Arden 8-Hour Lip Protectant Tin 1,13 ml (€65.38 / 100 ml),from €8.50
https://cdn.heinemann-shop.com/images/hea/hc8/9327597944862.jpg,Kweichow Moutai,Kweichow Moutai 53% 0.375L +2Gl,0.375 l (€799.73 / 1 l),from €299.90
https://cdn.heinemann-shop.com/images/h2f/h15/9327955673118.jpg,Masi,"Masi, Nectar Campofiorin, Rosso del Veronese, IGP, dry, red, 0.75L",0.75 l (€21.20 / 1 l),€15.90
https://cdn.heinemann-shop.com/images/hc2/hd5/9495943708702.jpg,Marabou,Marabou Black Saltlakrits 220g,220 g (€2.04 / 100 g),€4.50
https://cdn.heinemann-shop.com/images/hab/h21/9378942287902.jpg,Anthon Berg,Anthon Berg Chocolate Cocktails 26 pieces 400g,400 g (€38.75 / 1000 g),from €15.50
https://cdn.heinemann-shop.com/images/h61/h3a/9378850045982.jpg,Ahlgrens,Ahlgrens Bilar limousiner 450g,450 g (€2.02 / 100 g),€9.10
https://cdn.heinemann-shop.com/images/h17/h84/9378778775582.jpg,Karl Fazer,Karl Fazer Selection Travel Box 295g,295 g (€28.81 / 1000 g),€8.50
https://cdn.heinemann-shop.com/images/hb4/h30/9390190002206.jpg,Bassermann-Jordan,"Bassermann-Jordan, Pfalz, QbA, dry, rosé (screw cap)",0.75 l (€15.87 / 1 l),€11.90
https://cdn.heinemann-shop.com/images/hd6/h00/9378811576350.jpg,Smarties,Smarties mini snack bag 180g,180 g (€3.06 / 100 g),from €5.50
https://cdn.heinemann-shop.com/images/h62/hc1/9327797567518.jpg,Masi,"Masi, Nectar Costasera, Amarone della Valpolicella Classico, DOCG, dry, red, 0.75L",0.75 l (€38.53 / 1 l),from €28.90
https://cdn.heinemann-shop.com/images/h4e/h0b/9378668216350.jpg,Clarins,Clarins Instant Light Lip Perfector Set,1 items,from €29.50
https://cdn.heinemann-shop.com/images/h85/hea/9378647638046.jpg,Max Factor,Max Factor 2000 Calorie Mascara Black Duo,1 items,€18.90
https://cdn.heinemann-shop.com/images/hb8/he5/9471169363998.jpg,Buckley,"Buckley, ladies Ring",,€35.00
https://cdn.heinemann-shop.com/images/h0a/hff/9474395308062.jpg,Skittles,Skittles Crazy Sours pouch 400g,400 g (€19.25 / 1000 g),from €7.70
https://cdn.heinemann-shop.com/images/h56/hd2/9379240247326.jpg,Skittles,Skittles Fruits pouch 400g,400 g (€19.25 / 1000 g),from €7.70
https://cdn.heinemann-shop.com/images/h4b/h14/9327949643806.jpg,Celebrations,Celebrations Jar 810g,810 g (€28.27 / 1000 g),from €22.90
https://cdn.heinemann-shop.com/images/he2/h70/9378654748702.jpg,Wrigley's,Wrigley's Extra Spearmint multipack 30x10 pallets,420 g (€53.57 / 1000 g),€22.50
https://cdn.heinemann-shop.com/images/h41/h3f/9495937351710.jpg,Oreo,Oreo Mini pouch 250g,250 g (€26.00 / 1000 g),from €6.50
https://cdn.heinemann-shop.com/images/h17/h83/9378523086878.jpg,Versace,Versace Miniature Mixed Collection,1 items,from €42.90
https://cdn.heinemann-shop.com/images/h7f/h40/9378675523614.jpg,Elizabeth Arden,Elizabeth Arden Eight Hour Lip Tints Trio,1 items,from €41.90
https://cdn.heinemann-shop.com/images/h7b/hce/9387481235486.jpg,Bache-Gabrielsen,Bache-Gabrielsen Signature 40% 1L,1 l (€43.90 / 1 l),€43.90
https://cdn.heinemann-shop.com/images/ha2/h81/9387465375774.jpg,Bache-Gabrielsen,Bache-Gabrielsen Thomas XO Prestige 40% 0.5L,0.5 l (€97.80 / 1 l),€48.90
https://cdn.heinemann-shop.com/images/hf4/h13/9477394956318.jpg,Glenfiddich,Glenfiddich Reserve Cask 40% 1L Tube,1 l (€60.90 / 1 l),from €60.90
https://cdn.heinemann-shop.com/images/h8a/h46/9240838209566.jpg,Wittmann,"Wittmann, Grauburgunder, Rheinhessen, QbA, dry, white (screwcap) 0.75L, Organic",0.75 l (€14.53 / 1 l),€10.90
https://cdn.heinemann-shop.com/images/hb4/h15/9378545827870.jpg,Clinique,Clinique Dramatically Different Moisturizing Lotion+ Duo,1 items,from €71.90
https://cdn.heinemann-shop.com/images/h6a/h25/9400773902366.jpg,Clinique,Clinique Daily Essentials Dry Combination Set,1 items,from €52.90
https://cdn.heinemann-shop.com/images/h2f/hcf/9378538520606.jpg,Clinique,Clinique Dramatically Different Moisturizing Gel Duo,1 items,from €71.90
https://cdn.heinemann-shop.com/images/h8e/h57/9462354673694.jpg,Talisker,Talisker Dark Storm 45.8% 1L,1 l (€77.90 / 1 l),from €77.90
https://cdn.heinemann-shop.com/images/h64/h3f/9378515976222.jpg,Polo Ralph Lauren,Ralph Lauren Coffret,1 items,from €51.90
https://cdn.heinemann-shop.com/images/h02/hf6/9378966372382.jpg,Mentos,Mentos Pouch Bag Fruit 175g,175 g (€2.00 / 100 g),from €3.50
https://cdn.heinemann-shop.com/images/hd9/h40/9330473664542.jpg,Toblerone,Toblerone Gold 6 x 100g,600 g (€22.50 / 1000 g),from €13.50
https://cdn.heinemann-shop.com/images/h7c/hf7/9379098263582.jpg,Haribo,Haribo Happy Cola 500g,500 g (€8.60 / 1000 g),from €4.30
https://cdn.heinemann-shop.com/images/h83/h2e/9495954849822.jpg,Freia,Freia Fruit & Nut 250g,250 g (€17.20 / 1000 g),€4.30
https://cdn.heinemann-shop.com/images/h3d/h30/9380921966622.jpg,Mentos,"Mentos Bubble Gum sugarfree, 120g",120 g (€4.08 / 100 g),from €4.90
https://cdn.heinemann-shop.com/images/h6b/hdf/9380706353182.jpg,Ahlgrens,Ahlgrens Bilar Sour 3 x 130g,390 g (€20.77 / 1000 g),€8.10
https://cdn.heinemann-shop.com/images/h8e/ha5/9495952949278.jpg,Freia,Freia Daim Tablet 250g,250 g (€17.20 / 1000 g),€4.30
https://cdn.heinemann-shop.com/images/h5a/h03/9380911710238.jpg,Mirabell,Mirabell Mozartkugeln Bag 273g,273 g (€30.40 / 1000 g),from €8.30
https://cdn.heinemann-shop.com/images/h0b/h78/9380947820574.jpg,Salmiakki,Salmiaki Multipack 160g,160 g (€3.69 / 100 g),€5.90
https://cdn.heinemann-shop.com/images/h95/hf2/9381059657758.jpg,Smarties,Smarties Mini Sharing Bag 446g,446 g (€26.68 / 1000 g),from €11.90
https://cdn.heinemann-shop.com/images/h24/h53/9380713168926.jpg,Daim,"Daim minis party bag, 1 kg",1000 g (€24.90 / 1000 g),from €24.90
https://cdn.heinemann-shop.com/images/hc1/hdb/9495936663582.jpg,Freia,Freia Firklöver 250g,250 g (€17.20 / 1000 g),€4.30
https://cdn.heinemann-shop.com/images/hc4/hdd/9100505448478.jpg,Starbrook,"Starbrook ""Fleet"" Milk Chocolate Cruise Ships 200g",200 g (€4.15 / 100 g),€8.30
https://cdn.heinemann-shop.com/images/h11/h4c/9380701929502.jpg,Tyrkisk Peber,Tyrkisk Peber Tin 375g,375 g (€15.73 / 1000 g),from €5.90
https://cdn.heinemann-shop.com/images/h55/he6/9380819632158.jpg,Tyrkisk Peber,Tyrkisk Peber Pouch 400g,400 g (€15.75 / 1000 g),€6.30
https://cdn.heinemann-shop.com/images/h1c/h0f/9493561606174.jpg,DKNY,DKNY Be Delicious Duo Set,1 items,from €48.90
https://cdn.heinemann-shop.com/images/hf4/hd7/9427407372318.jpg,L'Oréal Paris,L'Oréal Revitalift Programme Set,1 items,from €29.90
https://cdn.heinemann-shop.com/images/hf6/h78/9380544151582.jpg,Estée Lauder,Estée Lauder Pleasures Duo Set,1 items,from €59.90
https://cdn.heinemann-shop.com/images/h17/h50/9380755210270.jpg,Pingvin,Pingvin salt pastilles 800g,800 g (€14.88 / 1000 g),€11.90
https://cdn.heinemann-shop.com/images/h79/h3b/9380901945374.jpg,Lindt,LindtAssorted Napolitains Gold Can 300g,300 g (€79.67 / 1000 g),€23.90
https://cdn.heinemann-shop.com/images/h53/h9b/9380842766366.jpg,Karl Fazer,Karl Fazer Milk Chocolate 250g,250 g (€18.00 / 1000 g),€4.50
https://cdn.heinemann-shop.com/images/hab/h50/9380630331422.jpg,Versace,Versace Man Eau Fraîche Duo Set,1 items,from €49.90
https://cdn.heinemann-shop.com/images/h31/h78/9426994593822.jpg,L'Oréal Paris,L'Oréal Paris Men Expert Mini Shaving Trio Set,1 items,from €11.90
https://cdn.heinemann-shop.com/images/h6b/h9a/9380705009694.jpg,Yves Saint Laurent,Yves Saint Laurent Touche Éclat Make-up Duo,1 items,from €56.90
https://cdn.heinemann-shop.com/images/h39/hb6/9470964596766.jpg,Swarovski,"Swarovski, women's set, 38/0.5X1 cm",,€127.90
https://cdn.heinemann-shop.com/images/h66/he5/9359872426014.jpg,Clarins,Clarins Instant Light Lip Perfector Duo,1 items,€29.50
https://cdn.heinemann-shop.com/images/ha7/h2c/9380883791902.jpg,Prestige & Collections,Lancôme Première Collection Coffret,1 items,from €42.90
https://cdn.heinemann-shop.com/images/h7d/he2/9381008801822.jpg,Versace,Versace Bright Crystal Duo Set,1 items,from €61.90
https://cdn.heinemann-shop.com/images/hd8/h3c/9491015729182.jpg,Shiseido,Shiseido Ultimune Power infusing concentrate 100 ml,100 ml (€147.90 / 100 ml),from €147.90
https://cdn.heinemann-shop.com/images/hd0/h38/9409871380510.jpg,Boss,Boss Coffret,1 items,€42.90
https://cdn.heinemann-shop.com/images/he0/h2e/9379246473246.jpg,Clarins,Clarins Body Care Set,1 items,from €39.90
https://cdn.heinemann-shop.com/images/h4c/h96/9378916139038.jpg,Clarins,Clarins Lip Perfector Set,1 items,from €29.50
https://cdn.heinemann-shop.com/images/h25/h00/9415521796126.jpg,Feodora,Feodora Grand'or 75% 150g,150 g (€5.00 / 100 g),€7.50
https://cdn.heinemann-shop.com/images/h88/hd2/9329250730014.jpg,Lindt,Lindt Assorted Napolitains Carrier Box 750g,750 g (€37.20 / 1000 g),from €27.90
https://cdn.heinemann-shop.com/images/hd7/h0f/9338148913182.jpg,Bobbi Brown,Bobbi Brown Long-Wear Gel Eye Liner Duo Set,1 items,€41.90
https://cdn.heinemann-shop.com/images/hab/hd0/9380986224670.jpg,Toblerone,Toblerone Dark 6x100g,600 g (€22.50 / 1000 g),€13.50
https://cdn.heinemann-shop.com/images/ha7/hb7/9331125420062.jpg,Toblerone,"Toblerone white, 6 x 100g",600 g (€22.50 / 1000 g),€13.50
https://cdn.heinemann-shop.com/images/hcb/h2d/9329495900190.jpg,Toblerone,Toblerone Fruit & Nut 6x100g,600 g (€22.50 / 1000 g),from €13.50
https://cdn.heinemann-shop.com/images/hf1/h6b/9379352051742.jpg,Toblerone,"Toblerone, dark, 100g",100 g (€2.50 / 100 g),€2.50
https://cdn.heinemann-shop.com/images/h65/h78/9330410258462.jpg,Kiehl's,Kiehl's Skin Care Set,1 items,€72.90
https://cdn.heinemann-shop.com/images/h85/h1b/9338361806878.jpg,Bobbi Brown,Bobbi Brown Statement Lips Luxe Lip Color Trio Lipstick Set,1 items,€83.90
https://cdn.heinemann-shop.com/images/h58/ha6/9380933304350.jpg,Elizabeth Arden,Elizabeth Arden Eight Hour Face Care Set 95 ml,1 items,€49.90
https://cdn.heinemann-shop.com/images/he0/h18/9437012590622.jpg,Givenchy,Givenchy Hydra Sparkling Set,1 items,€73.90
https://cdn.heinemann-shop.com/images/hc8/h79/9330557943838.jpg,Laroche,"Laroche, Les Chanoines, Chablis, AOC, dry, white (screw cap) 0.375L",0.375 l (€29.07 / 1 l),€10.90
https://cdn.heinemann-shop.com/images/hc1/hc2/9380906860574.jpg,Malaco,Malaco Gott Blandat 550g,550 g (€12.18 / 1000 g),€6.70
https://cdn.heinemann-shop.com/images/h82/ha0/9380931633182.jpg,Malaco,Malaco Surt Blandat 450g,450 g (€1.49 / 100 g),€6.70
https://cdn.heinemann-shop.com/images/hf4/hf1/9380802494494.jpg,Malaco,Malaco Familie Guf 500g,500 g (€13.40 / 1000 g),€6.70
https://cdn.heinemann-shop.com/images/h39/h26/9495954325534.jpg,Marabou,Marabou Apelsinkrokant 250g,250 g (€18.00 / 1000 g),€4.50
https://cdn.heinemann-shop.com/images/h7a/h06/9332411498526.jpg,Laroche,"Laroche, Chablis Premier Cru, La Chantrerie, AOC, Burgundy, dry, white, (screw cap), 0.75L",0.75 l (€31.33 / 1 l),€23.50
https://cdn.heinemann-shop.com/images/hf7/hbd/9495937581086.jpg,Freia,"Freia I love Norway,chocolate hearts 260g",260 g (€29.62 / 1000 g),€7.70
https://cdn.heinemann-shop.com/images/h9e/h2c/9380952703006.jpg,Ahlgrens,Ahlgrens Bilar Original 2 x 200g,400 g (€20.25 / 1000 g),€8.10
https://cdn.heinemann-shop.com/images/h6e/hf3/9380949032990.jpg,Cloetta,Lakrisal Tube 10x26g,250 g (€29.20 / 1000 g),€7.30
https://cdn.heinemann-shop.com/images/hb3/h17/9415529398302.jpg,Feodora,Feodora Choco Art 112g,112.5 g (€8.44 / 100 g),€9.50
https://cdn.heinemann-shop.com/images/h0c/h10/9489018060830.jpg,Mentos,Mentos Pencil Case with Mini Mentos Rolls 168g,168 g (€3.16 / 100 g),from €5.30
https://cdn.heinemann-shop.com/images/h60/h35/9327972876318.jpg,Starbrook,Starbrook Giant Chocolate Tablet Milk with Whole Hazelnuts 400g,400 g (€24.75 / 1000 g),from €9.90
https://cdn.heinemann-shop.com/images/h2b/hcc/9329332944926.jpg,Kids World,Disney's World Fairies Eau de Toilette Metallic Tin 50 ml,50 ml (€55.00 / 100 ml),from €27.50
https://cdn.heinemann-shop.com/images/h07/h0b/9380542414878.jpg,Fisherman's Friend,Fisherman's Friend Original Extra Strong Tin 40g,40 g (€9.75 / 100 g),from €3.90
https://cdn.heinemann-shop.com/images/hd7/hd3/9380993597470.jpg,L'Oréal Paris,L'Oréal Paris Age Perfect Program Set,1 items,from €26.90
https://cdn.heinemann-shop.com/images/h90/ha8/9379420536862.jpg,Celebrations,Celebrations sharing bag 240g,240 g (€2.88 / 100 g),from €6.90
https://cdn.heinemann-shop.com/images/hd1/h52/9380864557086.jpg,Snickers,"Snickers Mono Pouch, 500g",500 g (€17.80 / 1000 g),from €8.90
https://cdn.heinemann-shop.com/images/h8f/h86/9514591518750.jpg,Nutella,"Nutella Weekly Pack, 7 x 30g",210 g (€6.62 / 100 g),from €13.90
https://cdn.heinemann-shop.com/images/h93/hd5/9380859740190.jpg,Twix,"Twix Mono Pouch, 500g",500 g (€17.80 / 1000 g),from €8.90
https://cdn.heinemann-shop.com/images/hc2/h04/9380733091870.jpg,Jägermeister,Jägermeister 35% 2x0.5L + 2 Glasses,1 l (€17.90 / 1 l),from €17.90
https://cdn.heinemann-shop.com/images/h2a/hd6/9331003916318.jpg,Kids World,Disney's World Princess Eau de Toilette 50 ml,50 ml (€27.00 / 100 ml),from €13.50
https://cdn.heinemann-shop.com/images/h7a/hc2/9380628955166.jpg,Toblerone,Toblerone Gold 200g,200 g (€2.45 / 100 g),€4.90
https://cdn.heinemann-shop.com/images/h2e/hee/9407588368414.jpg,Chupa Chups,Chupa Chups Plush Figure Back Pack with 16 Lollipops 192g,192 g (€8.28 / 100 g),from €15.90
https://cdn.heinemann-shop.com/images/ha1/h16/9379085877278.jpg,Karl Fazer,Karl Fazer Milk Chocolate Travel Box 295g,295 g (€28.81 / 1000 g),€8.50
https://cdn.heinemann-shop.com/images/h44/h5a/9260951568414.jpg,Revlon,Revlon Lustrous Super Cube Set,1 items,€49.90
https://cdn.heinemann-shop.com/images/h47/h67/9379240017950.jpg,L'Oréal Paris,L'Oréal Paris Volume Million Lashes Excess Duo Set,1 items,from €21.50
https://cdn.heinemann-shop.com/images/hce/hce/9379105407006.jpg,L'Oréal Paris,L'Oréal Paris Age Perfect Cell Renew Program Set,1 items,from €29.90
https://cdn.heinemann-shop.com/images/hf0/h3b/9515088773150.jpg,Lancôme,Lancôme La vie est belle Travel Edition Set,1 items,from €71.90
https://cdn.heinemann-shop.com/images/h23/h48/9471073353758.jpg,Andre Piasso,"Andre Piasso, 9 in 1 earring selection, Farbe: gold, rosegold and rhodium plated",,€38.00
https://cdn.heinemann-shop.com/images/hff/h52/9501665722398.jpg,Bassermann-Jordan,"Bassermann-Jordan, Riesling, Kabinett, Pfalz, semi-sweet, white, (srew cap), 0.75L",0.75 l (€18.53 / 1 l),€13.90
https://cdn.heinemann-shop.com/images/he6/hdd/9462878732318.jpg,Jacob's Creek,"Jacob's Creek, Winemaker Reserve, Shiraz, Barossa, dry, red (screw cap) 0.75L",0.75 l (€21.20 / 1 l),€15.90
https://cdn.heinemann-shop.com/images/hba/hde/9390198521886.jpg,Bassermann-Jordan,"Bassermann-Jordan, Pinot Blanc, QbA, dry, white (screw cap), 0.75L",0.75 l (€12.67 / 1 l),€9.50
https://cdn.heinemann-shop.com/images/h8b/hf5/9380912857118.jpg,Clinique,Clinique All About Eyes Serum De-Puffing Eye Massage Duo,1 items,from €51.90
https://cdn.heinemann-shop.com/images/hc7/h8f/9380920066078.jpg,Versace,Versace Yellow Diamond Duo Set,1 items,from €61.90
https://cdn.heinemann-shop.com/images/hb0/hf5/9495939842078.jpg,Freia,M Peanuts 350g,350 g (€16.86 / 1000 g),€5.90
https://cdn.heinemann-shop.com/images/h3d/hb6/9462871883806.jpg,Chivas,Chivas Brothers' Blend 12 years old 40% 1L,1 l (€51.50 / 1 l),from €51.50
https://cdn.heinemann-shop.com/images/h32/h26/9379250896926.jpg,M&M,M&M's Peanut Party Pack 1000g,1000 g (€16.90 / 1000 g),from €16.90
https://cdn.heinemann-shop.com/images/h5c/h80/9476060151838.jpg,Elizabeth Arden,Elizabeth Arden 8-Hour Lip Protectant Tin 1,13 ml (€65.38 / 100 ml),from €8.50
https://cdn.heinemann-shop.com/images/hea/hc8/9327597944862.jpg,Kweichow Moutai,Kweichow Moutai 53% 0.375L +2Gl,0.375 l (€799.73 / 1 l),from €299.90
https://cdn.heinemann-shop.com/images/h2f/h15/9327955673118.jpg,Masi,"Masi, Nectar Campofiorin, Rosso del Veronese, IGP, dry, red, 0.75L",0.75 l (€21.20 / 1 l),€15.90
https://cdn.heinemann-shop.com/images/hc2/hd5/9495943708702.jpg,Marabou,Marabou Black Saltlakrits 220g,220 g (€2.04 / 100 g),€4.50
https://cdn.heinemann-shop.com/images/hab/h21/9378942287902.jpg,Anthon Berg,Anthon Berg Chocolate Cocktails 26 pieces 400g,400 g (€38.75 / 1000 g),from €15.50
https://cdn.heinemann-shop.com/images/h61/h3a/9378850045982.jpg,Ahlgrens,Ahlgrens Bilar limousiner 450g,450 g (€2.02 / 100 g),€9.10
https://cdn.heinemann-shop.com/images/h17/h84/9378778775582.jpg,Karl Fazer,Karl Fazer Selection Travel Box 295g,295 g (€28.81 / 1000 g),€8.50
https://cdn.heinemann-shop.com/images/hb4/h30/9390190002206.jpg,Bassermann-Jordan,"Bassermann-Jordan, Pfalz, QbA, dry, rosé (screw cap)",0.75 l (€15.87 / 1 l),€11.90
https://cdn.heinemann-shop.com/images/hd6/h00/9378811576350.jpg,Smarties,Smarties mini snack bag 180g,180 g (€3.06 / 100 g),from €5.50
https://cdn.heinemann-shop.com/images/h62/hc1/9327797567518.jpg,Masi,"Masi, Nectar Costasera, Amarone della Valpolicella Classico, DOCG, dry, red, 0.75L",0.75 l (€38.53 / 1 l),from €28.90
https://cdn.heinemann-shop.com/images/h4e/h0b/9378668216350.jpg,Clarins,Clarins Instant Light Lip Perfector Set,1 items,from €29.50
https://cdn.heinemann-shop.com/images/h85/hea/9378647638046.jpg,Max Factor,Max Factor 2000 Calorie Mascara Black Duo,1 items,€18.90
https://cdn.heinemann-shop.com/images/hb8/he5/9471169363998.jpg,Buckley,"Buckley, ladies Ring",,€35.00
https://cdn.heinemann-shop.com/images/h0a/hff/9474395308062.jpg,Skittles,Skittles Crazy Sours pouch 400g,400 g (€19.25 / 1000 g),from €7.70
https://cdn.heinemann-shop.com/images/h56/hd2/9379240247326.jpg,Skittles,Skittles Fruits pouch 400g,400 g (€19.25 / 1000 g),from €7.70
https://cdn.heinemann-shop.com/images/h4b/h14/9327949643806.jpg,Celebrations,Celebrations Jar 810g,810 g (€28.27 / 1000 g),from €22.90
https://cdn.heinemann-shop.com/images/he2/h70/9378654748702.jpg,Wrigley's,Wrigley's Extra Spearmint multipack 30x10 pallets,420 g (€53.57 / 1000 g),€22.50
https://cdn.heinemann-shop.com/images/he3/ha7/9380759994398.jpg,Clarins,Clarins Bodycare Roll-On Déodorant Multi-Soin 50 ml,50 ml (€34.60 / 100 ml),from €17.30
https://cdn.heinemann-shop.com/images/h5c/h84/9330894438430.jpg,Clarins,Clarins Men After Shave Energizer Splash 100 ml,100 ml (€28.90 / 100 ml),€28.90
https://cdn.heinemann-shop.com/images/h0f/hcc/9364537671710.jpg,Clarins,Clarins Instant Smooth Perfecting Touc Instant Smooth,15 ml (€170.00 / 100 ml),from €25.50
https://cdn.heinemann-shop.com/images/h20/h15/9378510962718.jpg,Clarins,Clarins Men Line Control Balm 50 ml,50 ml (€105.80 / 100 ml),from €52.90
https://cdn.heinemann-shop.com/images/h40/h6e/9437055909918.jpg,Clarins,Clarins Beauty Flash Balm 50 ml,50 ml (€69.80 / 100 ml),€34.90
https://cdn.heinemann-shop.com/images/h91/hbb/9380544610334.jpg,Clarins,"Clarins Bodycare Firming Body Oil ""Tonic"" 100 ml",100 ml (€46.90 / 100 ml),from €46.90
https://cdn.heinemann-shop.com/images/h2a/h98/9381021581342.jpg,Clarins,Clarins Extra Firming Line Firming Body Lotion 200 ml,200 ml (€24.45 / 100 ml),from €48.90
https://cdn.heinemann-shop.com/images/had/hd5/9381018632222.jpg,Clarins,Clarins Extra Firming Line Firming Body Cream 200 ml,200 ml (€24.45 / 100 ml),from €48.90
https://cdn.heinemann-shop.com/images/ha9/hc1/9380938874910.jpg,Clarins,Clarins Cream Jeunesse des Mains Hand Cream Duo,1 items,from €34.90
https://cdn.heinemann-shop.com/images/hda/h09/9380566499358.jpg,Clarins,Clarins Roll-on Deodorant Trio,1 items,from €45.90
https://cdn.heinemann-shop.com/images/h4f/ha6/9329142300702.jpg,Clarins,Clarins Men Antiperspirant Deo Roll-on Trio,1 items,from €44.90
https://cdn.heinemann-shop.com/images/h64/hb5/9378654060574.jpg,Clarins,Clarins Cleansing Toning Lotion with Iris 400 ml,400 ml (€61.25 / 1000 ml),from €24.50
https://cdn.heinemann-shop.com/images/h4e/h0b/9378668216350.jpg,Clarins,Clarins Instant Light Lip Perfector Set,1 items,from €29.50
https://cdn.heinemann-shop.com/images/h5c/h5e/9327632515102.jpg,Clarins,"Clarins Eye Liner N° 1 Black 0,",0.7 ml,from €23.50
https://cdn.heinemann-shop.com/images/h09/hc5/9328045981726.jpg,Clarins,Clarins Instant Concealer N° 2 Soft 1,15 ml,from €23.90
https://cdn.heinemann-shop.com/images/ha7/h1a/9378998943774.jpg,Clarins,Clarins Treatment waters Eau des Jardins Body Spray 100 ml,100 ml (€41.90 / 100 ml),from €41.90
https://cdn.heinemann-shop.com/images/hb3/h3e/9378888908830.jpg,Clarins,Clarins Treatment waters Rebalancing Fragrance Body Spray 100 ml,100 ml (€41.90 / 100 ml),from €41.90
https://cdn.heinemann-shop.com/images/ha7/h16/9378609692702.jpg,Clarins,Clarins Super Restorative Day Cream Dry Skin 50 ml,50 ml (€169.80 / 100 ml),from €84.90
https://cdn.heinemann-shop.com/images/h7e/h27/9378591473694.jpg,Clarins,Clarins Multi Intensive Super Restorative Day Cream 50 ml,50 ml (€169.80 / 100 ml),from €84.90
https://cdn.heinemann-shop.com/images/h89/h2a/9378966831134.jpg,Clarins,Clarins Super Restorative Night Cream All Skin Types 50 ml,50 ml (€183.80 / 100 ml),from €91.90
https://cdn.heinemann-shop.com/images/h47/h5c/9395598819358.jpg,Clarins,Clarins Super Restorative Set,1 items,€155.90
https://cdn.heinemann-shop.com/images/hf1/h36/9327884337182.jpg,Clarins,Clarins Teint Haute Tenue Foundation SPF15 N° 112 Amber 30 ml,30 ml,from €34.90
https://cdn.heinemann-shop.com/images/hdb/h40/9378573352990.jpg,Clarins,Clarins Men Revitalizing Gel 50 ml,50 ml (€83.80 / 100 ml),from €41.90
https://cdn.heinemann-shop.com/images/h1e/hb3/9378562932766.jpg,Clarins,Clarins Men Anti Fatigue Eye Serum 20 ml,20 ml (€169.50 / 100 ml),from €33.90
https://cdn.heinemann-shop.com/images/h48/hb9/9327908290590.jpg,Clarins,Clarins Joli Rouge Lipstick N° 713 Hot Pink,3.5 g,from €22.90
https://cdn.heinemann-shop.com/images/h9f/hcc/9378489532446.jpg,Clarins,Clarins Super Restorative Lift Remodeling Serum 50 ml,50 ml (€265.80 / 100 ml),from €132.90
https://cdn.heinemann-shop.com/images/hfb/h19/9379275997214.jpg,Clarins,Clarins Super Restorative Décolleté and Neck Concentrate 75 ml,75 ml (€97.20 / 100 ml),from €72.90
https://cdn.heinemann-shop.com/images/he4/he5/9378657107998.jpg,Clarins,Clarins Multi Active Day Cream Gel 50 ml,50 ml (€105.80 / 100 ml),from €52.90
https://cdn.heinemann-shop.com/images/h02/hef/9378692595742.jpg,Clarins,Clarins Multi Active Night Comfort Cream 50 ml,50 ml (€113.80 / 100 ml),from €56.90
https://cdn.heinemann-shop.com/images/h8d/he3/9378663727134.jpg,Clarins,Clarins Multi Active Day Cream All Skin Types 50 ml,50 ml (€105.80 / 100 ml),from €52.90
https://cdn.heinemann-shop.com/images/h97/h41/9416467906590.jpg,Clarins,Clarins Men's Care Set,1 items,from €67.90
https://cdn.heinemann-shop.com/images/h51/h3e/9329054187550.jpg,Clarins,Clarins Ever Lasting Compact Found. N° 107 Beige 10 g,10 g,€37.90
https://cdn.heinemann-shop.com/images/h58/h2e/9329394614302.jpg,Clarins,Clarins Waterproof Eyeliner N° 1 Black,"0.4 ml (€5,875.00 / 100 ml)",from €23.50
https://cdn.heinemann-shop.com/images/h27/h30/9378631778334.jpg,Clarins,Clarins Hydra Essentiel intensive moisture quenching bi phase serum 50 ml,50 ml (€123.80 / 100 ml),from €61.90
https://cdn.heinemann-shop.com/images/h68/h7c/9378710159390.jpg,Clarins,Clarins Cleansing Gentle exfoliating cleanser 125 ml,125 ml (€22.00 / 100 ml),from €27.50
https://cdn.heinemann-shop.com/images/hba/h3b/9378702622750.jpg,Clarins,Clarins Cleansing Gentle foaming cleanser oily skin 125 ml,125 ml (€17.20 / 100 ml),from €21.50
https://cdn.heinemann-shop.com/images/h9c/hec/9378513846302.jpg,Clarins,Clarins Hydra Essentiel Light Cream 50 ml,50 ml (€77.80 / 100 ml),from €38.90
https://cdn.heinemann-shop.com/images/hb8/hdc/9379219865630.jpg,Clarins,Clarins Hydra Essentiel moisture repairing lip balm 15 ml,15 ml (€106.00 / 100 ml),from €15.90
https://cdn.heinemann-shop.com/images/h34/h42/9378834546718.jpg,Clarins,Clarins Extra Firming day cream 50 ml,50 ml (€133.80 / 100 ml),from €66.90
https://cdn.heinemann-shop.com/images/h6f/hc7/9378864889886.jpg,Clarins,Clarins Extra Firming night cream 50 ml,50 ml (€137.80 / 100 ml),from €68.90
https://cdn.heinemann-shop.com/images/h1a/h94/9380684038174.jpg,Clarins,Clarins Bodycare Smoothing Body Scrub 200 ml,200 ml (€17.45 / 100 ml),from €34.90
https://cdn.heinemann-shop.com/images/h66/he5/9359872426014.jpg,Clarins,Clarins Instant Light Lip Perfector Duo,1 items,€29.50
https://cdn.heinemann-shop.com/images/hd1/h24/9381100453918.jpg,Clarins,Clarins Clarins Men Shave - After Shave Fluid 75 ml,75 ml (€38.53 / 100 ml),from €28.90
https://cdn.heinemann-shop.com/images/ha5/h87/9378677424158.jpg,Clarins,Clarins Multi Active Day Cream Dry Skin Tagespflege 50 ml,50 ml (€105.80 / 100 ml),from €52.90
https://cdn.heinemann-shop.com/images/hce/h52/9330766184478.jpg,Clarins,Clarins Supra Volume Mascara N° 02 Brown,7 ml,from €24.90
https://cdn.heinemann-shop.com/images/hc9/h1f/9329324556318.jpg,Clarins,Clarins Skin Illusion Fluid Foundation Nr. 109 Wheat 30 ml,30 ml,from €34.90
https://cdn.heinemann-shop.com/images/he0/h2e/9379246473246.jpg,Clarins,Clarins Body Care Set,1 items,from €39.90
https://cdn.heinemann-shop.com/images/hdd/hb0/9378517647390.jpg,Clarins,Clarins Men Line Control Cream 50 ml,50 ml (€103.80 / 100 ml),from €51.90
https://cdn.heinemann-shop.com/images/h4c/h96/9378916139038.jpg,Clarins,Clarins Lip Perfector Set,1 items,from €29.50
https://cdn.heinemann-shop.com/images/he8/h89/9378852241438.jpg,Clarins,Clarins Men Line Control Eye Balm 20 ml,20 ml (€209.50 / 100 ml),from €41.90
https://cdn.heinemann-shop.com/images/hc3/h52/9380575346718.jpg,Clarins,Clarins Bodycare Moisture-Rich Body Lotion 200 ml,200 ml (€16.45 / 100 ml),from €32.90
https://cdn.heinemann-shop.com/images/h90/hee/9380935237662.jpg,Clarins,Clarins Clarins Men Wash - Antiperspirant DeoStick 75 ml,75 g (€22.27 / 100 g),from €16.70
https://cdn.heinemann-shop.com/images/hfc/h38/9381048713246.jpg,Clarins,Clarins Bodycare Contouring Body Oil 100 ml,100 ml (€46.90 / 100 ml),from €46.90
https://cdn.heinemann-shop.com/images/he8/h8d/9415530545182.jpg,Clarins,Clarins Bodycare Foot Beauty Treatment Cream 125 ml,125 ml (€18.00 / 100 ml),from €22.50
https://cdn.heinemann-shop.com/images/h4a/hc3/9364521386014.jpg,Clarins,Clarins Natural Lip Perfector Lip Gloss N° 16 12 ml,12 ml,from €16.30
https://cdn.heinemann-shop.com/images/h45/he2/9380971839518.jpg,Clarins,Clarins Toning Lotion Camomile Dry Skin 200 ml,200 ml (€9.85 / 100 ml),from €19.70
https://cdn.heinemann-shop.com/images/h0e/h36/9327968321566.jpg,Clarins,Clarins Hand and Nail Treatment Cream 30 ml,30 ml (€29.67 / 100 ml),from €8.90
https://cdn.heinemann-shop.com/images/h5e/ha1/9475916169246.jpg,Clarins,Clarins Super Restorative Total Eye Concentrate Cream 15 ml,15 ml (€399.33 / 100 ml),from €59.90
https://cdn.heinemann-shop.com/images/hf8/h35/9378555691038.jpg,Clarins,Clarins Masvelt Body Shaping Cream 200 ml,200 ml (€23.45 / 100 ml),from €46.90
https://cdn.heinemann-shop.com/images/he5/h53/9329387339806.jpg,Clarins,Clarins Double Fix Mascara,7 g (€267.14 / 100 g),from €18.70
https://cdn.heinemann-shop.com/images/h7c/h2d/9481201549342.jpg,Clarins,Clarins Men Deodorant Roll On 50 ml,50 ml (€33.40 / 100 ml),from €16.70
https://cdn.heinemann-shop.com/images/h58/h1f/9301401108510.jpg,Clarins,Clarins Boosters Energy 15 ml,15 ml (€158.00 / 100 ml),€23.70
https://cdn.heinemann-shop.com/images/h3d/h71/9379029155870.jpg,Clarins,Clarins Multi Active Treatment Essence 200 ml,200 ml (€15.95 / 100 ml),from €31.90
https://cdn.heinemann-shop.com/images/h6a/he3/9378565128222.jpg,Clarins,Clarins Lift-Affine Enhancing Eye Lift Serum 15 ml,15 ml (€332.67 / 100 ml),from €49.90
https://cdn.heinemann-shop.com/images/h26/h9f/9378956410910.jpg,Clarins,Clarins Whitening White Plus Emulsion 75 ml,75 ml (€61.20 / 100 ml),from €45.90
https://cdn.heinemann-shop.com/images/h06/h51/9378566045726.jpg,Clarins,Clarins Multi Active Eye Balm 15 ml,15 ml (€266.00 / 100 ml),from €39.90
https://cdn.heinemann-shop.com/images/h6e/h4f/9378981281822.jpg,Clarins,Clarins Whitening White Plus Night Gel 50 ml,50 ml (€107.80 / 100 ml),from €53.90
https://cdn.heinemann-shop.com/images/h6a/hca/9378504638494.jpg,Clarins,Clarins Hydra Essentiel Cooling Gel 50 ml,50 ml (€77.80 / 100 ml),from €38.90
https://cdn.heinemann-shop.com/images/h39/h95/9378511945758.jpg,Clarins,Clarins Hydra Essentiel Silky Cream - Normal To Dry Skin 50 ml,50 ml (€77.80 / 100 ml),from €38.90
https://cdn.heinemann-shop.com/images/h51/h07/9378498641950.jpg,Clarins,Clarins Hydra Essentiel Milky Lotion SPF 15 50 ml,50 ml (€77.80 / 100 ml),from €38.90
https://cdn.heinemann-shop.com/images/h73/h3c/9378527346718.jpg,Clarins,"Clarins Hydra Essentiel Moisturizes and Quenches, Rich Cream, Very Dry Skin 50 ml",50 ml (€77.80 / 100 ml),from €38.90
https://cdn.heinemann-shop.com/images/h5a/h79/9378957164574.jpg,Clarins,Clarins Essential Care Double Serum 30 ml,30 ml (€239.67 / 100 ml),from €71.90
https://cdn.heinemann-shop.com/images/h41/h06/9379310403614.jpg,Clarins,Clarins Body Fit Lotion 200 ml,200 ml (€23.45 / 100 ml),from €46.90
https://cdn.heinemann-shop.com/images/hbd/hbc/9379439869982.jpg,Clarins,Clarins SOS Masks Refreshing Intense Hydration Mask 75 ml,75 ml (€45.20 / 100 ml),from €33.90
https://cdn.heinemann-shop.com/images/hb0/h2f/9378782150686.jpg,Clarins,Clarins Essential Care Double Serum Set,1 items,from €127.90
https://cdn.heinemann-shop.com/images/haf/h83/9378623258654.jpg,Clarins,Clarins Self Tanning Radiance plus golden glow booster body 30 ml,30 ml (€109.67 / 100 ml),from €32.90
https://cdn.heinemann-shop.com/images/h29/h58/9378615001118.jpg,Clarins,Radiance Plus Golden Glow Booster Face 15 ml,15 ml (€156.67 / 100 ml),from €23.50
https://cdn.heinemann-shop.com/images/h06/h3f/9329395204126.jpg,Clarins,Clarins Joli Rouge Brillant Lipstick N° 33 Soft Plum,3.5 g,€22.90
https://cdn.heinemann-shop.com/images/h78/h09/9378845261854.jpg,Clarins,Clarins Extra Firming day cream SPF 15 50 ml,50 ml (€133.80 / 100 ml),from €66.90
https://cdn.heinemann-shop.com/images/hd2/h35/9378825109534.jpg,Clarins,Clarins Extra Firming day cream 50 ml,50 ml (€133.80 / 100 ml),from €66.90
https://cdn.heinemann-shop.com/images/hd9/hbe/9409870921758.jpg,Clarins,Clarins Travel Sets Face Care Set,1 items,€119.90
https://cdn.heinemann-shop.com/images/hb1/h16/9378972237854.jpg,Clarins,Clarins Men Specialist Care hydra sculpt 50 ml,50 ml (€109.80 / 100 ml),from €54.90
https://cdn.heinemann-shop.com/images/h8f/h9d/9379257909278.jpg,Clarins,Clarins Body Care Body Fit 400 ml,400 ml (€169.75 / 1000 ml),from €67.90
https://cdn.heinemann-shop.com/images/h0b/h35/9378919022622.jpg,Clarins,Clarins Self Tanning Instant Gel 125 ml,125 ml (€21.20 / 100 ml),from €26.50
https://cdn.heinemann-shop.com/images/hc6/h57/9378937110558.jpg,Clarins,Clarins Men Wash total shampoo and shower 200 ml,200 ml (€11.25 / 100 ml),from €22.50
https://cdn.heinemann-shop.com/images/h1d/h42/8934861045790.jpg,Clarins,Clarins Pick & Love Hydra Essential Day Cream 15 ml,15 ml (€88.67 / 100 ml),from €13.30
https://cdn.heinemann-shop.com/images/he6/h68/9330012422174.jpg,Clarins,Clarins Colour control Primer N° 00 universal light 30 ml,30 ml,from €27.90
https://cdn.heinemann-shop.com/images/h22/ha5/9329854447646.jpg,Clarins,Clarins Water Lip Stain Nr. 02 Water Orange,7 ml,from €19.70
https://cdn.heinemann-shop.com/images/he5/h16/9379366830110.jpg,Clarins,Clarins Hydra Essentiel hydrating eye mask 30 ml,30 ml (€113.00 / 100 ml),from €33.90
https://cdn.heinemann-shop.com/images/ha6/h7c/9329439997982.jpg,Clarins,Clarins joli rouge velvet Lipstick N° 742 joli rouge,3 g (€763.33 / 100 g),€22.90
https://cdn.heinemann-shop.com/images/h82/h2e/9437042901022.jpg,Clarins,Clarins Relaxation Collection Set,1 items,€41.90
https://cdn.heinemann-shop.com/images/hb1/h1a/9378518564894.jpg,Clarins,Clarins Hydra Essentiel Day Cream SPF 15 50 ml,50 ml (€77.80 / 100 ml),from €38.90
https://cdn.heinemann-shop.com/images/h7a/h05/9328034250782.jpg,Clarins,Clarins Eye Pencil Khol Eye Pencil N° 01 Carbon Black,1.05 g,from €14.90
https://cdn.heinemann-shop.com/images/h02/h53/9433670516766.jpg,Clarins,Clarins Travel Sets Face Care Set,1 items,from €169.90
https://cdn.heinemann-shop.com/images/h21/hc8/9378855551006.jpg,Clarins,Clarins Extra Firming night cream 50 ml,50 ml (€137.80 / 100 ml),from €68.90
https://cdn.heinemann-shop.com/images/hb4/hed/9502463361054.jpg,Clarins,Clarins Cleansing Gentle foaming cleanser combination skin 125 ml,125 ml (€15.92 / 100 ml),from €19.90
https://cdn.heinemann-shop.com/images/he3/ha7/9380759994398.jpg,Clarins,Clarins Bodycare Roll-On Déodorant Multi-Soin 50 ml,50 ml (€34.60 / 100 ml),from €17.30
https://cdn.heinemann-shop.com/images/h5c/h84/9330894438430.jpg,Clarins,Clarins Men After Shave Energizer Splash 100 ml,100 ml (€28.90 / 100 ml),€28.90
https://cdn.heinemann-shop.com/images/h0f/hcc/9364537671710.jpg,Clarins,Clarins Instant Smooth Perfecting Touc Instant Smooth,15 ml (€170.00 / 100 ml),from €25.50
https://cdn.heinemann-shop.com/images/h20/h15/9378510962718.jpg,Clarins,Clarins Men Line Control Balm 50 ml,50 ml (€105.80 / 100 ml),from €52.90
https://cdn.heinemann-shop.com/images/h40/h6e/9437055909918.jpg,Clarins,Clarins Beauty Flash Balm 50 ml,50 ml (€69.80 / 100 ml),€34.90
https://cdn.heinemann-shop.com/images/h91/hbb/9380544610334.jpg,Clarins,"Clarins Bodycare Firming Body Oil ""Tonic"" 100 ml",100 ml (€46.90 / 100 ml),from €46.90
https://cdn.heinemann-shop.com/images/h2a/h98/9381021581342.jpg,Clarins,Clarins Extra Firming Line Firming Body Lotion 200 ml,200 ml (€24.45 / 100 ml),from €48.90
https://cdn.heinemann-shop.com/images/had/hd5/9381018632222.jpg,Clarins,Clarins Extra Firming Line Firming Body Cream 200 ml,200 ml (€24.45 / 100 ml),from €48.90
https://cdn.heinemann-shop.com/images/ha9/hc1/9380938874910.jpg,Clarins,Clarins Cream Jeunesse des Mains Hand Cream Duo,1 items,from €34.90
https://cdn.heinemann-shop.com/images/hda/h09/9380566499358.jpg,Clarins,Clarins Roll-on Deodorant Trio,1 items,from €45.90
https://cdn.heinemann-shop.com/images/h4f/ha6/9329142300702.jpg,Clarins,Clarins Men Antiperspirant Deo Roll-on Trio,1 items,from €44.90
https://cdn.heinemann-shop.com/images/h64/hb5/9378654060574.jpg,Clarins,Clarins Cleansing Toning Lotion with Iris 400 ml,400 ml (€61.25 / 1000 ml),from €24.50
https://cdn.heinemann-shop.com/images/h4e/h0b/9378668216350.jpg,Clarins,Clarins Instant Light Lip Perfector Set,1 items,from €29.50
https://cdn.heinemann-shop.com/images/h5c/h5e/9327632515102.jpg,Clarins,"Clarins Eye Liner N° 1 Black 0,",0.7 ml,from €23.50
https://cdn.heinemann-shop.com/images/h09/hc5/9328045981726.jpg,Clarins,Clarins Instant Concealer N° 2 Soft 1,15 ml,from €23.90
https://cdn.heinemann-shop.com/images/ha7/h1a/9378998943774.jpg,Clarins,Clarins Treatment waters Eau des Jardins Body Spray 100 ml,100 ml (€41.90 / 100 ml),from €41.90
https://cdn.heinemann-shop.com/images/hb3/h3e/9378888908830.jpg,Clarins,Clarins Treatment waters Rebalancing Fragrance Body Spray 100 ml,100 ml (€41.90 / 100 ml),from €41.90
https://cdn.heinemann-shop.com/images/ha7/h16/9378609692702.jpg,Clarins,Clarins Super Restorative Day Cream Dry Skin 50 ml,50 ml (€169.80 / 100 ml),from €84.90
https://cdn.heinemann-shop.com/images/h7e/h27/9378591473694.jpg,Clarins,Clarins Multi Intensive Super Restorative Day Cream 50 ml,50 ml (€169.80 / 100 ml),from €84.90
https://cdn.heinemann-shop.com/images/h89/h2a/9378966831134.jpg,Clarins,Clarins Super Restorative Night Cream All Skin Types 50 ml,50 ml (€183.80 / 100 ml),from €91.90
https://cdn.heinemann-shop.com/images/h47/h5c/9395598819358.jpg,Clarins,Clarins Super Restorative Set,1 items,€155.90
https://cdn.heinemann-shop.com/images/hf1/h36/9327884337182.jpg,Clarins,Clarins Teint Haute Tenue Foundation SPF15 N° 112 Amber 30 ml,30 ml,from €34.90
https://cdn.heinemann-shop.com/images/hdb/h40/9378573352990.jpg,Clarins,Clarins Men Revitalizing Gel 50 ml,50 ml (€83.80 / 100 ml),from €41.90
https://cdn.heinemann-shop.com/images/h1e/hb3/9378562932766.jpg,Clarins,Clarins Men Anti Fatigue Eye Serum 20 ml,20 ml (€169.50 / 100 ml),from €33.90
https://cdn.heinemann-shop.com/images/h48/hb9/9327908290590.jpg,Clarins,Clarins Joli Rouge Lipstick N° 713 Hot Pink,3.5 g,from €22.90
https://cdn.heinemann-shop.com/images/h9f/hcc/9378489532446.jpg,Clarins,Clarins Super Restorative Lift Remodeling Serum 50 ml,50 ml (€265.80 / 100 ml),from €132.90
https://cdn.heinemann-shop.com/images/hfb/h19/9379275997214.jpg,Clarins,Clarins Super Restorative Décolleté and Neck Concentrate 75 ml,75 ml (€97.20 / 100 ml),from €72.90
https://cdn.heinemann-shop.com/images/he4/he5/9378657107998.jpg,Clarins,Clarins Multi Active Day Cream Gel 50 ml,50 ml (€105.80 / 100 ml),from €52.90
https://cdn.heinemann-shop.com/images/h02/hef/9378692595742.jpg,Clarins,Clarins Multi Active Night Comfort Cream 50 ml,50 ml (€113.80 / 100 ml),from €56.90
https://cdn.heinemann-shop.com/images/h8d/he3/9378663727134.jpg,Clarins,Clarins Multi Active Day Cream All Skin Types 50 ml,50 ml (€105.80 / 100 ml),from €52.90
https://cdn.heinemann-shop.com/images/h97/h41/9416467906590.jpg,Clarins,Clarins Men's Care Set,1 items,from €67.90
https://cdn.heinemann-shop.com/images/h51/h3e/9329054187550.jpg,Clarins,Clarins Ever Lasting Compact Found. N° 107 Beige 10 g,10 g,€37.90
https://cdn.heinemann-shop.com/images/h58/h2e/9329394614302.jpg,Clarins,Clarins Waterproof Eyeliner N° 1 Black,"0.4 ml (€5,875.00 / 100 ml)",from €23.50
https://cdn.heinemann-shop.com/images/h27/h30/9378631778334.jpg,Clarins,Clarins Hydra Essentiel intensive moisture quenching bi phase serum 50 ml,50 ml (€123.80 / 100 ml),from €61.90
https://cdn.heinemann-shop.com/images/h68/h7c/9378710159390.jpg,Clarins,Clarins Cleansing Gentle exfoliating cleanser 125 ml,125 ml (€22.00 / 100 ml),from €27.50
https://cdn.heinemann-shop.com/images/hba/h3b/9378702622750.jpg,Clarins,Clarins Cleansing Gentle foaming cleanser oily skin 125 ml,125 ml (€17.20 / 100 ml),from €21.50
https://cdn.heinemann-shop.com/images/h9c/hec/9378513846302.jpg,Clarins,Clarins Hydra Essentiel Light Cream 50 ml,50 ml (€77.80 / 100 ml),from €38.90
https://cdn.heinemann-shop.com/images/hb8/hdc/9379219865630.jpg,Clarins,Clarins Hydra Essentiel moisture repairing lip balm 15 ml,15 ml (€106.00 / 100 ml),from €15.90
https://cdn.heinemann-shop.com/images/h34/h42/9378834546718.jpg,Clarins,Clarins Extra Firming day cream 50 ml,50 ml (€133.80 / 100 ml),from €66.90
https://cdn.heinemann-shop.com/images/h6f/hc7/9378864889886.jpg,Clarins,Clarins Extra Firming night cream 50 ml,50 ml (€137.80 / 100 ml),from €68.90
https://cdn.heinemann-shop.com/images/h1a/h94/9380684038174.jpg,Clarins,Clarins Bodycare Smoothing Body Scrub 200 ml,200 ml (€17.45 / 100 ml),from €34.90
https://cdn.heinemann-shop.com/images/h66/he5/9359872426014.jpg,Clarins,Clarins Instant Light Lip Perfector Duo,1 items,€29.50
https://cdn.heinemann-shop.com/images/hd1/h24/9381100453918.jpg,Clarins,Clarins Clarins Men Shave - After Shave Fluid 75 ml,75 ml (€38.53 / 100 ml),from €28.90
https://cdn.heinemann-shop.com/images/ha5/h87/9378677424158.jpg,Clarins,Clarins Multi Active Day Cream Dry Skin Tagespflege 50 ml,50 ml (€105.80 / 100 ml),from €52.90
https://cdn.heinemann-shop.com/images/hce/h52/9330766184478.jpg,Clarins,Clarins Supra Volume Mascara N° 02 Brown,7 ml,from €24.90
https://cdn.heinemann-shop.com/images/hc9/h1f/9329324556318.jpg,Clarins,Clarins Skin Illusion Fluid Foundation Nr. 109 Wheat 30 ml,30 ml,from €34.90
https://cdn.heinemann-shop.com/images/he0/h2e/9379246473246.jpg,Clarins,Clarins Body Care Set,1 items,from €39.90
https://cdn.heinemann-shop.com/images/hdd/hb0/9378517647390.jpg,Clarins,Clarins Men Line Control Cream 50 ml,50 ml (€103.80 / 100 ml),from €51.90
https://cdn.heinemann-shop.com/images/h4c/h96/9378916139038.jpg,Clarins,Clarins Lip Perfector Set,1 items,from €29.50
https://cdn.heinemann-shop.com/images/he8/h89/9378852241438.jpg,Clarins,Clarins Men Line Control Eye Balm 20 ml,20 ml (€209.50 / 100 ml),from €41.90
https://cdn.heinemann-shop.com/images/hc3/h52/9380575346718.jpg,Clarins,Clarins Bodycare Moisture-Rich Body Lotion 200 ml,200 ml (€16.45 / 100 ml),from €32.90
https://cdn.heinemann-shop.com/images/h90/hee/9380935237662.jpg,Clarins,Clarins Clarins Men Wash - Antiperspirant DeoStick 75 ml,75 g (€22.27 / 100 g),from €16.70
https://cdn.heinemann-shop.com/images/hfc/h38/9381048713246.jpg,Clarins,Clarins Bodycare Contouring Body Oil 100 ml,100 ml (€46.90 / 100 ml),from €46.90
https://cdn.heinemann-shop.com/images/he8/h8d/9415530545182.jpg,Clarins,Clarins Bodycare Foot Beauty Treatment Cream 125 ml,125 ml (€18.00 / 100 ml),from €22.50
https://cdn.heinemann-shop.com/images/h4a/hc3/9364521386014.jpg,Clarins,Clarins Natural Lip Perfector Lip Gloss N° 16 12 ml,12 ml,from €16.30
https://cdn.heinemann-shop.com/images/h45/he2/9380971839518.jpg,Clarins,Clarins Toning Lotion Camomile Dry Skin 200 ml,200 ml (€9.85 / 100 ml),from €19.70
https://cdn.heinemann-shop.com/images/h0e/h36/9327968321566.jpg,Clarins,Clarins Hand and Nail Treatment Cream 30 ml,30 ml (€29.67 / 100 ml),from €8.90
https://cdn.heinemann-shop.com/images/h5e/ha1/9475916169246.jpg,Clarins,Clarins Super Restorative Total Eye Concentrate Cream 15 ml,15 ml (€399.33 / 100 ml),from €59.90
https://cdn.heinemann-shop.com/images/hf8/h35/9378555691038.jpg,Clarins,Clarins Masvelt Body Shaping Cream 200 ml,200 ml (€23.45 / 100 ml),from €46.90
https://cdn.heinemann-shop.com/images/he5/h53/9329387339806.jpg,Clarins,Clarins Double Fix Mascara,7 g (€267.14 / 100 g),from €18.70
https://cdn.heinemann-shop.com/images/h7c/h2d/9481201549342.jpg,Clarins,Clarins Men Deodorant Roll On 50 ml,50 ml (€33.40 / 100 ml),from €16.70
https://cdn.heinemann-shop.com/images/h58/h1f/9301401108510.jpg,Clarins,Clarins Boosters Energy 15 ml,15 ml (€158.00 / 100 ml),€23.70
https://cdn.heinemann-shop.com/images/h3d/h71/9379029155870.jpg,Clarins,Clarins Multi Active Treatment Essence 200 ml,200 ml (€15.95 / 100 ml),from €31.90
https://cdn.heinemann-shop.com/images/h6a/he3/9378565128222.jpg,Clarins,Clarins Lift-Affine Enhancing Eye Lift Serum 15 ml,15 ml (€332.67 / 100 ml),from €49.90
https://cdn.heinemann-shop.com/images/h26/h9f/9378956410910.jpg,Clarins,Clarins Whitening White Plus Emulsion 75 ml,75 ml (€61.20 / 100 ml),from €45.90
https://cdn.heinemann-shop.com/images/h06/h51/9378566045726.jpg,Clarins,Clarins Multi Active Eye Balm 15 ml,15 ml (€266.00 / 100 ml),from €39.90
https://cdn.heinemann-shop.com/images/h6e/h4f/9378981281822.jpg,Clarins,Clarins Whitening White Plus Night Gel 50 ml,50 ml (€107.80 / 100 ml),from €53.90
https://cdn.heinemann-shop.com/images/h6a/hca/9378504638494.jpg,Clarins,Clarins Hydra Essentiel Cooling Gel 50 ml,50 ml (€77.80 / 100 ml),from €38.90
https://cdn.heinemann-shop.com/images/h39/h95/9378511945758.jpg,Clarins,Clarins Hydra Essentiel Silky Cream - Normal To Dry Skin 50 ml,50 ml (€77.80 / 100 ml),from €38.90
https://cdn.heinemann-shop.com/images/h51/h07/9378498641950.jpg,Clarins,Clarins Hydra Essentiel Milky Lotion SPF 15 50 ml,50 ml (€77.80 / 100 ml),from €38.90
https://cdn.heinemann-shop.com/images/h73/h3c/9378527346718.jpg,Clarins,"Clarins Hydra Essentiel Moisturizes and Quenches, Rich Cream, Very Dry Skin 50 ml",50 ml (€77.80 / 100 ml),from €38.90
https://cdn.heinemann-shop.com/images/h5a/h79/9378957164574.jpg,Clarins,Clarins Essential Care Double Serum 30 ml,30 ml (€239.67 / 100 ml),from €71.90
https://cdn.heinemann-shop.com/images/h41/h06/9379310403614.jpg,Clarins,Clarins Body Fit Lotion 200 ml,200 ml (€23.45 / 100 ml),from €46.90
https://cdn.heinemann-shop.com/images/hbd/hbc/9379439869982.jpg,Clarins,Clarins SOS Masks Refreshing Intense Hydration Mask 75 ml,75 ml (€45.20 / 100 ml),from €33.90
https://cdn.heinemann-shop.com/images/hb0/h2f/9378782150686.jpg,Clarins,Clarins Essential Care Double Serum Set,1 items,from €127.90
https://cdn.heinemann-shop.com/images/haf/h83/9378623258654.jpg,Clarins,Clarins Self Tanning Radiance plus golden glow booster body 30 ml,30 ml (€109.67 / 100 ml),from €32.90
https://cdn.heinemann-shop.com/images/h29/h58/9378615001118.jpg,Clarins,Radiance Plus Golden Glow Booster Face 15 ml,15 ml (€156.67 / 100 ml),from €23.50
https://cdn.heinemann-shop.com/images/h06/h3f/9329395204126.jpg,Clarins,Clarins Joli Rouge Brillant Lipstick N° 33 Soft Plum,3.5 g,€22.90
https://cdn.heinemann-shop.com/images/h78/h09/9378845261854.jpg,Clarins,Clarins Extra Firming day cream SPF 15 50 ml,50 ml (€133.80 / 100 ml),from €66.90
https://cdn.heinemann-shop.com/images/hd2/h35/9378825109534.jpg,Clarins,Clarins Extra Firming day cream 50 ml,50 ml (€133.80 / 100 ml),from €66.90
https://cdn.heinemann-shop.com/images/hd9/hbe/9409870921758.jpg,Clarins,Clarins Travel Sets Face Care Set,1 items,€119.90
https://cdn.heinemann-shop.com/images/hb1/h16/9378972237854.jpg,Clarins,Clarins Men Specialist Care hydra sculpt 50 ml,50 ml (€109.80 / 100 ml),from €54.90
https://cdn.heinemann-shop.com/images/h8f/h9d/9379257909278.jpg,Clarins,Clarins Body Care Body Fit 400 ml,400 ml (€169.75 / 1000 ml),from €67.90
https://cdn.heinemann-shop.com/images/h0b/h35/9378919022622.jpg,Clarins,Clarins Self Tanning Instant Gel 125 ml,125 ml (€21.20 / 100 ml),from €26.50
https://cdn.heinemann-shop.com/images/hc6/h57/9378937110558.jpg,Clarins,Clarins Men Wash total shampoo and shower 200 ml,200 ml (€11.25 / 100 ml),from €22.50
https://cdn.heinemann-shop.com/images/h1d/h42/8934861045790.jpg,Clarins,Clarins Pick & Love Hydra Essential Day Cream 15 ml,15 ml (€88.67 / 100 ml),from €13.30
https://cdn.heinemann-shop.com/images/he6/h68/9330012422174.jpg,Clarins,Clarins Colour control Primer N° 00 universal light 30 ml,30 ml,from €27.90
https://cdn.heinemann-shop.com/images/h22/ha5/9329854447646.jpg,Clarins,Clarins Water Lip Stain Nr. 02 Water Orange,7 ml,from €19.70
https://cdn.heinemann-shop.com/images/he5/h16/9379366830110.jpg,Clarins,Clarins Hydra Essentiel hydrating eye mask 30 ml,30 ml (€113.00 / 100 ml),from €33.90
https://cdn.heinemann-shop.com/images/ha6/h7c/9329439997982.jpg,Clarins,Clarins joli rouge velvet Lipstick N° 742 joli rouge,3 g (€763.33 / 100 g),€22.90
https://cdn.heinemann-shop.com/images/h82/h2e/9437042901022.jpg,Clarins,Clarins Relaxation Collection Set,1 items,€41.90
https://cdn.heinemann-shop.com/images/hb1/h1a/9378518564894.jpg,Clarins,Clarins Hydra Essentiel Day Cream SPF 15 50 ml,50 ml (€77.80 / 100 ml),from €38.90
https://cdn.heinemann-shop.com/images/h7a/h05/9328034250782.jpg,Clarins,Clarins Eye Pencil Khol Eye Pencil N° 01 Carbon Black,1.05 g,from €14.90
https://cdn.heinemann-shop.com/images/h02/h53/9433670516766.jpg,Clarins,Clarins Travel Sets Face Care Set,1 items,from €169.90
https://cdn.heinemann-shop.com/images/h21/hc8/9378855551006.jpg,Clarins,Clarins Extra Firming night cream 50 ml,50 ml (€137.80 / 100 ml),from €68.90
https://cdn.heinemann-shop.com/images/hb4/hed/9502463361054.jpg,Clarins,Clarins Cleansing Gentle foaming cleanser combination skin 125 ml,125 ml (€15.92 / 100 ml),from €19.90
https://cdn.heinemann-shop.com/images/he3/ha7/9380759994398.jpg,Clarins,Clarins Bodycare Roll-On Déodorant Multi-Soin 50 ml,50 ml (€34.60 / 100 ml),from €17.30
https://cdn.heinemann-shop.com/images/h5c/h84/9330894438430.jpg,Clarins,Clarins Men After Shave Energizer Splash 100 ml,100 ml (€28.90 / 100 ml),€28.90
https://cdn.heinemann-shop.com/images/h1a/h94/9380684038174.jpg,Clarins,Clarins Bodycare Smoothing Body Scrub 200 ml,200 ml (€17.45 / 100 ml),from €34.90
https://cdn.heinemann-shop.com/images/h66/he5/9359872426014.jpg,Clarins,Clarins Instant Light Lip Perfector Duo,1 items,€29.50
https://cdn.heinemann-shop.com/images/h20/h15/9378510962718.jpg,Clarins,Clarins Men Line Control Balm 50 ml,50 ml (€105.80 / 100 ml),from €52.90
https://cdn.heinemann-shop.com/images/hd1/h24/9381100453918.jpg,Clarins,Clarins Clarins Men Shave - After Shave Fluid 75 ml,75 ml (€38.53 / 100 ml),from €28.90
https://cdn.heinemann-shop.com/images/h40/h6e/9437055909918.jpg,Clarins,Clarins Beauty Flash Balm 50 ml,50 ml (€69.80 / 100 ml),€34.90
https://cdn.heinemann-shop.com/images/ha5/h87/9378677424158.jpg,Clarins,Clarins Multi Active Day Cream Dry Skin Tagespflege 50 ml,50 ml (€105.80 / 100 ml),from €52.90
https://cdn.heinemann-shop.com/images/hce/h52/9330766184478.jpg,Clarins,Clarins Supra Volume Mascara N° 02 Brown,7 ml,from €24.90
https://cdn.heinemann-shop.com/images/hc9/h1f/9329324556318.jpg,Clarins,Clarins Skin Illusion Fluid Foundation Nr. 109 Wheat 30 ml,30 ml,from €34.90
https://cdn.heinemann-shop.com/images/he0/h2e/9379246473246.jpg,Clarins,Clarins Body Care Set,1 items,from €39.90
https://cdn.heinemann-shop.com/images/hdd/hb0/9378517647390.jpg,Clarins,Clarins Men Line Control Cream 50 ml,50 ml (€103.80 / 100 ml),from €51.90
https://cdn.heinemann-shop.com/images/h4c/h96/9378916139038.jpg,Clarins,Clarins Lip Perfector Set,1 items,from €29.50
https://cdn.heinemann-shop.com/images/he8/h89/9378852241438.jpg,Clarins,Clarins Men Line Control Eye Balm 20 ml,20 ml (€209.50 / 100 ml),from €41.90
https://cdn.heinemann-shop.com/images/hc3/h52/9380575346718.jpg,Clarins,Clarins Bodycare Moisture-Rich Body Lotion 200 ml,200 ml (€16.45 / 100 ml),from €32.90
https://cdn.heinemann-shop.com/images/h90/hee/9380935237662.jpg,Clarins,Clarins Clarins Men Wash - Antiperspirant DeoStick 75 ml,75 g (€22.27 / 100 g),from €16.70
https://cdn.heinemann-shop.com/images/hfc/h38/9381048713246.jpg,Clarins,Clarins Bodycare Contouring Body Oil 100 ml,100 ml (€46.90 / 100 ml),from €46.90
https://cdn.heinemann-shop.com/images/he8/h8d/9415530545182.jpg,Clarins,Clarins Bodycare Foot Beauty Treatment Cream 125 ml,125 ml (€18.00 / 100 ml),from €22.50
https://cdn.heinemann-shop.com/images/h4a/hc3/9364521386014.jpg,Clarins,Clarins Natural Lip Perfector Lip Gloss N° 16 12 ml,12 ml,from €16.30
https://cdn.heinemann-shop.com/images/h91/hbb/9380544610334.jpg,Clarins,"Clarins Bodycare Firming Body Oil ""Tonic"" 100 ml",100 ml (€46.90 / 100 ml),from €46.90
https://cdn.heinemann-shop.com/images/h2a/h98/9381021581342.jpg,Clarins,Clarins Extra Firming Line Firming Body Lotion 200 ml,200 ml (€24.45 / 100 ml),from €48.90
https://cdn.heinemann-shop.com/images/had/hd5/9381018632222.jpg,Clarins,Clarins Extra Firming Line Firming Body Cream 200 ml,200 ml (€24.45 / 100 ml),from €48.90
https://cdn.heinemann-shop.com/images/h0e/h36/9327968321566.jpg,Clarins,Clarins Hand and Nail Treatment Cream 30 ml,30 ml (€29.67 / 100 ml),from €8.90
https://cdn.heinemann-shop.com/images/h64/hb5/9378654060574.jpg,Clarins,Clarins Cleansing Toning Lotion with Iris 400 ml,400 ml (€61.25 / 1000 ml),from €24.50
https://cdn.heinemann-shop.com/images/h4e/h0b/9378668216350.jpg,Clarins,Clarins Instant Light Lip Perfector Set,1 items,from €29.50
https://cdn.heinemann-shop.com/images/h5c/h5e/9327632515102.jpg,Clarins,"Clarins Eye Liner N° 1 Black 0,",0.7 ml,from €23.50
https://cdn.heinemann-shop.com/images/h09/hc5/9328045981726.jpg,Clarins,Clarins Instant Concealer N° 2 Soft 1,15 ml,from €23.90
https://cdn.heinemann-shop.com/images/ha7/h1a/9378998943774.jpg,Clarins,Clarins Treatment waters Eau des Jardins Body Spray 100 ml,100 ml (€41.90 / 100 ml),from €41.90
https://cdn.heinemann-shop.com/images/hb3/h3e/9378888908830.jpg,Clarins,Clarins Treatment waters Rebalancing Fragrance Body Spray 100 ml,100 ml (€41.90 / 100 ml),from €41.90
https://cdn.heinemann-shop.com/images/ha7/h16/9378609692702.jpg,Clarins,Clarins Super Restorative Day Cream Dry Skin 50 ml,50 ml (€169.80 / 100 ml),from €84.90
https://cdn.heinemann-shop.com/images/h7e/h27/9378591473694.jpg,Clarins,Clarins Multi Intensive Super Restorative Day Cream 50 ml,50 ml (€169.80 / 100 ml),from €84.90
https://cdn.heinemann-shop.com/images/h89/h2a/9378966831134.jpg,Clarins,Clarins Super Restorative Night Cream All Skin Types 50 ml,50 ml (€183.80 / 100 ml),from €91.90
https://cdn.heinemann-shop.com/images/h47/h5c/9395598819358.jpg,Clarins,Clarins Super Restorative Set,1 items,€155.90
https://cdn.heinemann-shop.com/images/h5e/ha1/9475916169246.jpg,Clarins,Clarins Super Restorative Total Eye Concentrate Cream 15 ml,15 ml (€399.33 / 100 ml),from €59.90
https://cdn.heinemann-shop.com/images/hc7/h65/9327855599646.jpg,Clarins,Clarins Teint Haute Tenue Foundation SPF15 N° 107 Beige 30 ml,30 ml (€116.33 / 100 ml),from €34.90
https://cdn.heinemann-shop.com/images/h48/hb9/9327908290590.jpg,Clarins,Clarins Joli Rouge Lipstick N° 713 Hot Pink,3.5 g,from €22.90
https://cdn.heinemann-shop.com/images/h9f/hcc/9378489532446.jpg,Clarins,Clarins Super Restorative Lift Remodeling Serum 50 ml,50 ml (€265.80 / 100 ml),from €132.90
https://cdn.heinemann-shop.com/images/hfb/h19/9379275997214.jpg,Clarins,Clarins Super Restorative Décolleté and Neck Concentrate 75 ml,75 ml (€97.20 / 100 ml),from €72.90
https://cdn.heinemann-shop.com/images/he4/he5/9378657107998.jpg,Clarins,Clarins Multi Active Day Cream Gel 50 ml,50 ml (€105.80 / 100 ml),from €52.90
https://cdn.heinemann-shop.com/images/h02/hef/9378692595742.jpg,Clarins,Clarins Multi Active Night Comfort Cream 50 ml,50 ml (€113.80 / 100 ml),from €56.90
https://cdn.heinemann-shop.com/images/h8d/he3/9378663727134.jpg,Clarins,Clarins Multi Active Day Cream All Skin Types 50 ml,50 ml (€105.80 / 100 ml),from €52.90
https://cdn.heinemann-shop.com/images/he5/h53/9329387339806.jpg,Clarins,Clarins Double Fix Mascara,7 g (€267.14 / 100 g),from €18.70
https://cdn.heinemann-shop.com/images/h7c/h2d/9481201549342.jpg,Clarins,Clarins Men Deodorant Roll On 50 ml,50 ml (€33.40 / 100 ml),from €16.70
https://cdn.heinemann-shop.com/images/h58/h1f/9301401108510.jpg,Clarins,Clarins Boosters Energy 15 ml,15 ml (€158.00 / 100 ml),€23.70
https://cdn.heinemann-shop.com/images/h3d/h71/9379029155870.jpg,Clarins,Clarins Multi Active Treatment Essence 200 ml,200 ml (€15.95 / 100 ml),from €31.90
https://cdn.heinemann-shop.com/images/h6a/he3/9378565128222.jpg,Clarins,Clarins Lift-Affine Enhancing Eye Lift Serum 15 ml,15 ml (€332.67 / 100 ml),from €49.90
https://cdn.heinemann-shop.com/images/h26/h9f/9378956410910.jpg,Clarins,Clarins Whitening White Plus Emulsion 75 ml,75 ml (€61.20 / 100 ml),from €45.90
https://cdn.heinemann-shop.com/images/h06/h51/9378566045726.jpg,Clarins,Clarins Multi Active Eye Balm 15 ml,15 ml (€266.00 / 100 ml),from €39.90
https://cdn.heinemann-shop.com/images/h6e/h4f/9378981281822.jpg,Clarins,Clarins Whitening White Plus Night Gel 50 ml,50 ml (€107.80 / 100 ml),from €53.90
https://cdn.heinemann-shop.com/images/h6a/hca/9378504638494.jpg,Clarins,Clarins Hydra Essentiel Cooling Gel 50 ml,50 ml (€77.80 / 100 ml),from €38.90
https://cdn.heinemann-shop.com/images/h39/h95/9378511945758.jpg,Clarins,Clarins Hydra Essentiel Silky Cream - Normal To Dry Skin 50 ml,50 ml (€77.80 / 100 ml),from €38.90
https://cdn.heinemann-shop.com/images/h51/h07/9378498641950.jpg,Clarins,Clarins Hydra Essentiel Milky Lotion SPF 15 50 ml,50 ml (€77.80 / 100 ml),from €38.90
https://cdn.heinemann-shop.com/images/h73/h3c/9378527346718.jpg,Clarins,"Clarins Hydra Essentiel Moisturizes and Quenches, Rich Cream, Very Dry Skin 50 ml",50 ml (€77.80 / 100 ml),from €38.90
https://cdn.heinemann-shop.com/images/h97/h41/9416467906590.jpg,Clarins,Clarins Men's Care Set,1 items,from €67.90
https://cdn.heinemann-shop.com/images/h0f/hcc/9364537671710.jpg,Clarins,Clarins Instant Smooth Perfecting Touc Instant Smooth,15 ml (€170.00 / 100 ml),from €25.50
https://cdn.heinemann-shop.com/images/h45/he2/9380971839518.jpg,Clarins,Clarins Toning Lotion Camomile Dry Skin 200 ml,200 ml (€9.85 / 100 ml),from €19.70
https://cdn.heinemann-shop.com/images/ha9/hc1/9380938874910.jpg,Clarins,Clarins Cream Jeunesse des Mains Hand Cream Duo,1 items,from €34.90
https://cdn.heinemann-shop.com/images/hda/h09/9380566499358.jpg,Clarins,Clarins Roll-on Deodorant Trio,1 items,from €45.90
https://cdn.heinemann-shop.com/images/h4f/ha6/9329142300702.jpg,Clarins,Clarins Men Antiperspirant Deo Roll-on Trio,1 items,from €44.90
https://cdn.heinemann-shop.com/images/hf8/h35/9378555691038.jpg,Clarins,Clarins Masvelt Body Shaping Cream 200 ml,200 ml (€23.45 / 100 ml),from €46.90
https://cdn.heinemann-shop.com/images/hdb/h40/9378573352990.jpg,Clarins,Clarins Men Revitalizing Gel 50 ml,50 ml (€83.80 / 100 ml),from €41.90
https://cdn.heinemann-shop.com/images/h1e/hb3/9378562932766.jpg,Clarins,Clarins Men Anti Fatigue Eye Serum 20 ml,20 ml (€169.50 / 100 ml),from €33.90
https://cdn.heinemann-shop.com/images/h5a/h79/9378957164574.jpg,Clarins,Clarins Essential Care Double Serum 30 ml,30 ml (€239.67 / 100 ml),from €71.90
https://cdn.heinemann-shop.com/images/h41/h06/9379310403614.jpg,Clarins,Clarins Body Fit Lotion 200 ml,200 ml (€23.45 / 100 ml),from €46.90
https://cdn.heinemann-shop.com/images/hbd/hbc/9379439869982.jpg,Clarins,Clarins SOS Masks Refreshing Intense Hydration Mask 75 ml,75 ml (€45.20 / 100 ml),from €33.90
https://cdn.heinemann-shop.com/images/hb0/h2f/9378782150686.jpg,Clarins,Clarins Essential Care Double Serum Set,1 items,from €127.90
https://cdn.heinemann-shop.com/images/hf1/ha4/9329823678494.jpg,Clarins,Clarins Everlasting Compact Found. N° 108 Sand 10 g,10 g,€37.90
https://cdn.heinemann-shop.com/images/haf/h83/9378623258654.jpg,Clarins,Clarins Self Tanning Radiance plus golden glow booster body 30 ml,30 ml (€109.67 / 100 ml),from €32.90
https://cdn.heinemann-shop.com/images/h29/h58/9378615001118.jpg,Clarins,Radiance Plus Golden Glow Booster Face 15 ml,15 ml (€156.67 / 100 ml),from €23.50
https://cdn.heinemann-shop.com/images/h06/h3f/9329395204126.jpg,Clarins,Clarins Joli Rouge Brillant Lipstick N° 33 Soft Plum,3.5 g,€22.90
https://cdn.heinemann-shop.com/images/h58/h2e/9329394614302.jpg,Clarins,Clarins Waterproof Eyeliner N° 1 Black,"0.4 ml (€5,875.00 / 100 ml)",from €23.50
https://cdn.heinemann-shop.com/images/h27/h30/9378631778334.jpg,Clarins,Clarins Hydra Essentiel intensive moisture quenching bi phase serum 50 ml,50 ml (€123.80 / 100 ml),from €61.90
https://cdn.heinemann-shop.com/images/h68/h7c/9378710159390.jpg,Clarins,Clarins Cleansing Gentle exfoliating cleanser 125 ml,125 ml (€22.00 / 100 ml),from €27.50
https://cdn.heinemann-shop.com/images/hba/h3b/9378702622750.jpg,Clarins,Clarins Cleansing Gentle foaming cleanser oily skin 125 ml,125 ml (€17.20 / 100 ml),from €21.50
https://cdn.heinemann-shop.com/images/h9c/hec/9378513846302.jpg,Clarins,Clarins Hydra Essentiel Light Cream 50 ml,50 ml (€77.80 / 100 ml),from €38.90
https://cdn.heinemann-shop.com/images/hb8/hdc/9379219865630.jpg,Clarins,Clarins Hydra Essentiel moisture repairing lip balm 15 ml,15 ml (€106.00 / 100 ml),from €15.90
https://cdn.heinemann-shop.com/images/h34/h42/9378834546718.jpg,Clarins,Clarins Extra Firming day cream 50 ml,50 ml (€133.80 / 100 ml),from €66.90
https://cdn.heinemann-shop.com/images/h6f/hc7/9378864889886.jpg,Clarins,Clarins Extra Firming night cream 50 ml,50 ml (€137.80 / 100 ml),from €68.90
https://cdn.heinemann-shop.com/images/hd2/h35/9378825109534.jpg,Clarins,Clarins Extra Firming day cream 50 ml,50 ml (€133.80 / 100 ml),from €66.90
https://cdn.heinemann-shop.com/images/hd9/hbe/9409870921758.jpg,Clarins,Clarins Travel Sets Face Care Set,1 items,€119.90
https://cdn.heinemann-shop.com/images/h78/h09/9378845261854.jpg,Clarins,Clarins Extra Firming day cream SPF 15 50 ml,50 ml (€133.80 / 100 ml),from €66.90
https://cdn.heinemann-shop.com/images/hb1/h16/9378972237854.jpg,Clarins,Clarins Men Specialist Care hydra sculpt 50 ml,50 ml (€109.80 / 100 ml),from €54.90
https://cdn.heinemann-shop.com/images/h8f/h9d/9379257909278.jpg,Clarins,Clarins Body Care Body Fit 400 ml,400 ml (€169.75 / 1000 ml),from €67.90
https://cdn.heinemann-shop.com/images/h0b/h35/9378919022622.jpg,Clarins,Clarins Self Tanning Instant Gel 125 ml,125 ml (€21.20 / 100 ml),from €26.50
https://cdn.heinemann-shop.com/images/hc6/h57/9378937110558.jpg,Clarins,Clarins Men Wash total shampoo and shower 200 ml,200 ml (€11.25 / 100 ml),from €22.50
https://cdn.heinemann-shop.com/images/h1d/h42/8934861045790.jpg,Clarins,Clarins Pick & Love Hydra Essential Day Cream 15 ml,15 ml (€88.67 / 100 ml),from €13.30
https://cdn.heinemann-shop.com/images/he6/h68/9330012422174.jpg,Clarins,Clarins Colour control Primer N° 00 universal light 30 ml,30 ml,from €27.90
https://cdn.heinemann-shop.com/images/h22/ha5/9329854447646.jpg,Clarins,Clarins Water Lip Stain Nr. 02 Water Orange,7 ml,from €19.70
https://cdn.heinemann-shop.com/images/he5/h16/9379366830110.jpg,Clarins,Clarins Hydra Essentiel hydrating eye mask 30 ml,30 ml (€113.00 / 100 ml),from €33.90
https://cdn.heinemann-shop.com/images/ha6/h7c/9329439997982.jpg,Clarins,Clarins joli rouge velvet Lipstick N° 742 joli rouge,3 g (€763.33 / 100 g),€22.90
https://cdn.heinemann-shop.com/images/h82/h2e/9437042901022.jpg,Clarins,Clarins Relaxation Collection Set,1 items,€41.90
https://cdn.heinemann-shop.com/images/h6c/hdd/9399753539614.jpg,Clarins,Clarins Travel Sets Cleaning Set,1 items,from €36.90
Image is missing,Clarins,Clarins Joli Blush Blush N° 4 purple,5 g,from €29.90
https://cdn.heinemann-shop.com/images/h75/h6c/9364550582302.jpg,Clarins,Clarins Everlasting Youth Fluid Foundation N° 112 amber 30 ml,30 ml (€133.00 / 100 ml),€39.90
https://cdn.heinemann-shop.com/images/h31/h99/9379249225758.jpg,Clarins,Clarins Firming Tonic Body Polisher 250 g,250 g (€151.60 / 1000 g),from €37.90
https://cdn.heinemann-shop.com/images/hf0/hf6/9379261579294.jpg,Clarins,Clarins Firming Tonic Body Balm 200 ml,200 ml (€18.95 / 100 ml),from €37.90
https://cdn.heinemann-shop.com/images/hc9/he0/9380921278494.jpg,Biotherm,Biotherm Body Care Deo Pure Déodorant Stick 40 ml,40 ml (€45.75 / 100 ml),from €18.30
https://cdn.heinemann-shop.com/images/h53/hf8/9380656873502.jpg,Biotherm,Biotherm Deodorant Pure Roll-On Natural Protect 75 ml,75 ml (€24.40 / 100 ml),from €18.30
https://cdn.heinemann-shop.com/images/h55/h39/9380957618206.jpg,Biotherm,Biotherm Homme Day Control Déodorant Roll-On 75 ml,75 ml (€24.40 / 100 ml),from €18.30
https://cdn.heinemann-shop.com/images/h43/h2d/9380934549534.jpg,Biotherm,Biotherm Homme Body Care Day Control Déodorant Roll-On Natural Protect 75 ml,75 ml (€24.40 / 100 ml),from €18.30
https://cdn.heinemann-shop.com/images/h8e/h39/9380972527646.jpg,Biotherm,Biotherm Eau D'Energie Eau de Toilette 100 ml,100 ml (€37.90 / 100 ml),from €37.90
https://cdn.heinemann-shop.com/images/hf6/h73/9379215769630.jpg,Biotherm,Biotherm Body Fluide Solaire Sun Care SPF30 200 ml,200 ml (€11.25 / 100 ml),from €22.50
https://cdn.heinemann-shop.com/images/hd0/h19/9476059922462.jpg,Biotherm,Biotherm Oligo-Thermal After Sun Milk 400 ml,400 ml (€62.25 / 1000 ml),from €24.90
https://cdn.heinemann-shop.com/images/h0a/h75/9480269004830.jpg,Biotherm,Biotherm Eau Pure Eau de Toilette 100 ml,100 ml (€37.90 / 100 ml),from €37.90
https://cdn.heinemann-shop.com/images/h6d/h37/9378640298014.jpg,Biotherm,Biotherm Homme - Aquapower Soin Oligo Thermal Ultra Hydratant 100 ml,100 ml (€37.90 / 100 ml),from €37.90
https://cdn.heinemann-shop.com/images/h85/hfd/9379373219870.jpg,Biotherm,Biotherm Blue Therapy Eye Cream 15 ml,15 ml (€279.33 / 100 ml),from €41.90
https://cdn.heinemann-shop.com/images/h26/h66/9407688966174.jpg,Biotherm,Biotherm Déodorant Pure Invisible Roll-On 75 ml,75 ml (€24.40 / 100 ml),from €18.30
https://cdn.heinemann-shop.com/images/hb0/h0d/9426994036766.jpg,Biotherm,Biotherm Homme Force Supreme Youth Architect Serum 50 ml,50 ml (€133.80 / 100 ml),from €66.90
https://cdn.heinemann-shop.com/images/he4/ha3/9378878881822.jpg,Biotherm,Biotherm Homme Age Fitness Advanced Day Care Anti Aging Day Cream 50 ml,50 ml (€91.80 / 100 ml),from €45.90
https://cdn.heinemann-shop.com/images/hc6/h8a/9379421454366.jpg,Biotherm,Biotherm Life Plankton Life Plankton Essence 125 ml,125 ml (€42.32 / 100 ml),from €52.90
https://cdn.heinemann-shop.com/images/h21/h3a/9379319218206.jpg,Biotherm,Biotherm Aquasource Cocoon Gel 50 ml,50 ml (€67.80 / 100 ml),from €33.90
https://cdn.heinemann-shop.com/images/hc0/he5/9378770255902.jpg,Biotherm,Biotherm Total Recharge Non-Stop Moisturizing Fatigue Eraser 50 ml,50 ml (€83.80 / 100 ml),from €41.90
https://cdn.heinemann-shop.com/images/h44/hb4/9499952578590.jpg,Biotherm,Biotherm Aquasource Cream 50 ml,50 ml (€59.80 / 100 ml),from €29.90
https://cdn.heinemann-shop.com/images/h8c/h55/9378699116574.jpg,Biotherm,Biotherm Crème Solaire Anti-Age SPF50 Face Cream 50 ml,50 ml (€49.80 / 100 ml),from €24.90
https://cdn.heinemann-shop.com/images/h70/h08/9378669363230.jpg,Biotherm,Biotherm Sun Milk SPF 30 Spray Solaire 200 ml,200 ml (€12.25 / 100 ml),from €24.50
https://cdn.heinemann-shop.com/images/h92/h0e/9378691612702.jpg,Biotherm,Biotherm Crème Solaire Anti-Age SPF30 Face Cream 50 ml,50 ml (€49.80 / 100 ml),from €24.90
https://cdn.heinemann-shop.com/images/hbd/h59/9378862465054.jpg,Biotherm,Biotherm Blue Therapy Accelerated Serum 30 ml,30 ml (€186.33 / 100 ml),from €55.90
https://cdn.heinemann-shop.com/images/h9b/h6d/9378573123614.jpg,Biotherm,Biotherm Aquasource Cream 50 ml,50 ml (€67.80 / 100 ml),from €33.90
https://cdn.heinemann-shop.com/images/h92/h80/9378932097054.jpg,Biotherm,Biotherm Aquasource Total Eye Revitalizer 15 ml,15 ml (€166.00 / 100 ml),from €24.90
https://cdn.heinemann-shop.com/images/hbb/h22/9432003706910.jpg,Biotherm,Biotherm Men Skincare Set,1 items,from €36.90
https://cdn.heinemann-shop.com/images/h03/hf7/9379148333086.jpg,Biotherm,Biotherm Biosource Clarifying Milk 400 ml,400 ml (€54.75 / 1000 ml),from €21.90
https://cdn.heinemann-shop.com/images/h30/h8c/9379107536926.jpg,Biotherm,Biotherm Aquasource Air Cream SPF 15 50 ml,50 ml (€67.80 / 100 ml),from €33.90
https://cdn.heinemann-shop.com/images/hbe/h86/9378852929566.jpg,Biotherm,Biotherm Homme - Aquapower Soin Oligo Thermal Ultra Moisturizing Gel 75ml,75 ml (€45.20 / 100 ml),from €33.90
https://cdn.heinemann-shop.com/images/h91/hdd/9378843426846.jpg,Biotherm,Biotherm Homme - Aquapower Soin Oligo Thermal Ultra Moisturizing Gel 75ml,75 ml (€45.20 / 100 ml),from €33.90
https://cdn.heinemann-shop.com/images/hf1/hca/9378980069406.jpg,Biotherm,Biotherm Homme Force Supreme Set,1 items,from €98.90
https://cdn.heinemann-shop.com/images/h5a/h29/9378526035998.jpg,Biotherm,Biotherm Biocils Eye Make Up Remover Waterproof 100 ml,100 ml (€16.70 / 100 ml),from €16.70
https://cdn.heinemann-shop.com/images/hd5/h97/9378790801438.jpg,Biotherm,Biotherm Blue Therapy Serum In Oil 50 ml,50 ml (€145.80 / 100 ml),from €72.90
https://cdn.heinemann-shop.com/images/hfc/h7f/9378798403614.jpg,Biotherm,Biotherm Blue Therapy Cream In Oil 50 ml,50 ml (€119.80 / 100 ml),from €59.90
https://cdn.heinemann-shop.com/images/hf8/h4a/9378740043806.jpg,Biotherm,Biotherm Homme Aquapower Set,1 items,from €19.90
https://cdn.heinemann-shop.com/images/h9d/h4f/9378490581022.jpg,Biotherm,Biotherm Lait Corporel Deodorant Roll-On 75 ml,75 ml (€24.40 / 100 ml),from €18.30
https://cdn.heinemann-shop.com/images/h87/h29/9378748497950.jpg,Biotherm,Biotherm Blue Therapy Multi-Defender Cream SPF 25 Airy Mousse Cream 50 ml,50 ml (€119.80 / 100 ml),from €59.90
https://cdn.heinemann-shop.com/images/h0d/h36/9378740273182.jpg,Biotherm,Biotherm Blue Therapy Multi-Defender Cream SPF 25 Rich Balm 50 ml,50 ml (€119.80 / 100 ml),from €59.90
https://cdn.heinemann-shop.com/images/h04/hc9/9399732764702.jpg,Biotherm,Biotherm Pure Deodorant Roll-On Trio,1 items,from €45.90
https://cdn.heinemann-shop.com/images/h2a/h46/9426939379742.jpg,Biotherm,Biotherm Homme AquaFitness Shower Gel for Skin and Hair 200 ml,200 ml (€10.45 / 100 ml),from €20.90
https://cdn.heinemann-shop.com/images/h30/h40/9378971320350.jpg,Biotherm,Biotherm Aquasource Gel 125 ml,125 ml (€39.92 / 100 ml),from €49.90
https://cdn.heinemann-shop.com/images/hba/hda/9380948803614.jpg,Biotherm,Biotherm Homme Body Care Day Control Déodorant Stick 50 ml,50 ml (€36.60 / 100 ml),from €18.30
https://cdn.heinemann-shop.com/images/h51/hb6/9381025021982.jpg,Biotherm,Biotherm Homme After Shave Baume Apaisant Smoothing Balm Alcool Free 100 ml,100 ml (€34.90 / 100 ml),from €34.90
https://cdn.heinemann-shop.com/images/h06/hee/9380567187486.jpg,Biotherm,Biotherm Homme Cleansing Gel Nettoyant Visage 150 ml,150 ml (€14.60 / 100 ml),from €21.90
https://cdn.heinemann-shop.com/images/h88/h7d/9388400902174.jpg,Biotherm,Biotherm Homme Shaving Essentials Travel Size Shaving Foam Set,1 items,from €19.90
https://cdn.heinemann-shop.com/images/h07/h62/9388393431070.jpg,Biotherm,Biotherm Homme Day Control Deodorant Roll-on Trio,1 items,from €46.90
https://cdn.heinemann-shop.com/images/h7b/h7e/9381032493086.jpg,Biotherm,"Biotherm Lait Solair Face and Body Milk SPF15 0,4 l",400 ml (€73.75 / 1000 ml),from €29.50
https://cdn.heinemann-shop.com/images/h93/hf0/9380748689438.jpg,Biotherm,Biotherm Lait Solaire Face and Body Milk SPF 50 Sun protection 400 ml,400 ml (€73.75 / 1000 ml),from €29.50
https://cdn.heinemann-shop.com/images/hdf/had/9426983387166.jpg,Biotherm,Biotherm Moisturizing Beurre de Levres Replumping & Smoothing Lip Balm 13 ml,13 ml (€63.85 / 100 ml),from €8.30
https://cdn.heinemann-shop.com/images/hc3/h79/9381041504286.jpg,Biotherm,Biotherm Lait Solaire Face and Body Milk SPF 30 Sun protection 400 ml,400 ml (€73.75 / 1000 ml),from €29.50
https://cdn.heinemann-shop.com/images/h27/hb7/9378999631902.jpg,Biotherm,Biotherm L'Eau Eau de Toilette 100 ml,100 ml (€37.90 / 100 ml),from €37.90
https://cdn.heinemann-shop.com/images/h84/ha0/9379364241438.jpg,Biotherm,Biotherm Aquasource Night Creme 50 ml,50 ml (€59.80 / 100 ml),from €29.90
https://cdn.heinemann-shop.com/images/h52/ha8/9378956935198.jpg,Biotherm,Biotherm Blue Therapy Skincare Set,1 items,from €107.90
https://cdn.heinemann-shop.com/images/hdb/h18/9379388686366.jpg,Biotherm,Biotherm Homme - Aquapower Daily Defense SPF 14 Face Gel 75 ml,75 ml (€45.20 / 100 ml),€33.90
https://cdn.heinemann-shop.com/images/hfc/h2a/9379401302046.jpg,Biotherm,Biotherm Aquasource Set,1 items,from €37.90
https://cdn.heinemann-shop.com/images/h21/h0e/9379031613470.jpg,Biotherm,Biotherm Life Plankton Face Mask,27 g (€18.15 / 100 g),from €4.90
https://cdn.heinemann-shop.com/images/h1b/h28/9378936881182.jpg,Biotherm,Biotherm Day Tripper Face Care Set 70 ml,1 items,from €19.90
https://cdn.heinemann-shop.com/images/h71/h08/9378514534430.jpg,Biotherm,Biotherm Blue Therapy Face Care Set,1 items,from €49.90
https://cdn.heinemann-shop.com/images/h99/h5a/9399732273182.jpg,Biotherm,Biotherm Skincare Set Face Care Duo 325 ml,1 items,from €98.90
https://cdn.heinemann-shop.com/images/hd2/h85/9380871307294.jpg,Biotherm,Biotherm Biomains Hand and Nail Treatment 100 ml,100 ml (€10.30 / 100 ml),from €10.30
https://cdn.heinemann-shop.com/images/h4b/h20/9378608250910.jpg,Biotherm,Biotherm Life Plankton Essence 200 ml,200 ml (€32.45 / 100 ml),from €64.90
https://cdn.heinemann-shop.com/images/haf/h7b/9380653498398.jpg,Biotherm,Biotherm Aquasource Aqua Bounce Fluid 50 ml,50 ml (€49.00 / 100 ml),from €24.50
https://cdn.heinemann-shop.com/images/h40/h5f/9380659986462.jpg,Biotherm,Biotherm Homme Sensitive Force Aftershave 75 ml,75 ml (€42.53 / 100 ml),from €31.90
https://cdn.heinemann-shop.com/images/h68/h52/9380637736990.jpg,Biotherm,Biotherm Aquasource Aqua Pure Gel 50 ml,50 ml (€49.00 / 100 ml),from €24.50
https://cdn.heinemann-shop.com/images/h9e/h92/9380579901470.jpg,Biotherm,Biotherm Life Plankton Elixir 50 ml,50 ml (€149.80 / 100 ml),from €74.90
https://cdn.heinemann-shop.com/images/hdf/h89/9380648124446.jpg,Biotherm,Biotherm Aquasource Aqua Glow Fluid 50 ml,50 ml (€49.00 / 100 ml),from €24.50
https://cdn.heinemann-shop.com/images/h1b/h27/9388385140766.jpg,Biotherm,Biotherm Aquapower Men's Care Set 175 ml,1 items,from €49.90
https://cdn.heinemann-shop.com/images/h4a/h2e/9407579750430.jpg,Biotherm,Biotherm Homme Aquapower Ice Cooling 48H Control Roll-on Deodorant 75 ml,75 ml (€24.40 / 100 ml),from €18.30
https://cdn.heinemann-shop.com/images/hd8/h79/9407629852702.jpg,Biotherm,Biotherm Solaire Waterlover Sun Mist SPF30 200 ml,200 ml (€13.75 / 100 ml),from €27.50
https://cdn.heinemann-shop.com/images/hcb/h97/9378781397022.jpg,Biotherm,Biotherm Life Plankton Sensitive Emulsion 50 ml,50 ml (€75.80 / 100 ml),from €37.90
https://cdn.heinemann-shop.com/images/hc3/h74/9378983510046.jpg,Biotherm,Biotherm Aquasource Aura Concentrate 50 ml,50 ml (€83.80 / 100 ml),from €41.90
https://cdn.heinemann-shop.com/images/h9d/h9c/9378993242142.jpg,Biotherm,Biotherm Life Plankton Balm 50 ml,50 ml (€75.80 / 100 ml),from €37.90
https://cdn.heinemann-shop.com/images/h13/h9e/9380570071070.jpg,Biotherm,Biotherm Life Plankton Eyes Cream 15 ml,15 ml (€266.00 / 100 ml),from €39.90
https://cdn.heinemann-shop.com/images/h01/hb3/9379216982046.jpg,Biotherm,Biotherm Homme Force Supreme Anti-Aging Care Gel 100 ml,100 ml (€71.90 / 100 ml),from €71.90
https://cdn.heinemann-shop.com/images/h36/h8f/9388384387102.jpg,Biotherm,Biotherm Homme Aquapower Duo,1 items,from €60.90
https://cdn.heinemann-shop.com/images/hda/haa/9378871967774.jpg,Biotherm,Biotherm Blue Therapy Cream Accelerated 50 ml,50 ml (€119.80 / 100 ml),from €59.90
https://cdn.heinemann-shop.com/images/h78/hb4/9380719591454.jpg,Biotherm,Biotherm Biosource Cleansing Mousse 150 ml,150 ml (€12.87 / 100 ml),from €19.30
https://cdn.heinemann-shop.com/images/hc6/h52/9378618474526.jpg,Biotherm,Biotherm Homme Force Supreme Eye Architect Serum 15 ml,15 ml (€306.00 / 100 ml),from €45.90
https://cdn.heinemann-shop.com/images/h99/hf7/9378636267550.jpg,Biotherm,Biotherm Aquasource Day Creme for dry skin 125 ml,125 ml (€39.92 / 100 ml),from €49.90
https://cdn.heinemann-shop.com/images/h6e/h03/9378851487774.jpg,Biotherm,Biotherm Blue Therapy Accelerated Serum 50 ml,50 ml (€145.80 / 100 ml),from €72.90
https://cdn.heinemann-shop.com/images/hb7/h89/9378821472286.jpg,Biotherm,Biotherm Blue Therapy Night Cream 50 ml,50 ml (€119.80 / 100 ml),from €59.90
https://cdn.heinemann-shop.com/images/h8a/hca/9416503558174.jpg,Biotherm,Biotherm Solaire Waterlover Sun Milk 200 ml,200 ml (€12.45 / 100 ml),from €24.90
https://cdn.heinemann-shop.com/images/hf1/h08/9378842673182.jpg,Biotherm,Biotherm Homme Force Supreme Reshape Cream 50 ml,50 ml (€129.80 / 100 ml),from €64.90
https://cdn.heinemann-shop.com/images/hc7/h4c/9380603494430.jpg,Biotherm,Biotherm Body Care Moisturizing Baume Corps Nutrition Intense 400 ml,400 ml (€62.25 / 1000 ml),from €24.90
https://cdn.heinemann-shop.com/images/hd5/h2d/9380765958174.jpg,Biotherm,Biotherm Moisturizing Lait Corporel Anti-Drying Body Milk 400 ml,400 ml (€39.75 / 1000 ml),from €15.90
https://cdn.heinemann-shop.com/images/h2c/h29/9510862979102.jpg,Biotherm,Biotherm Lait Corporel Body Care Duo 800 ml,1 items,from €28.90
https://cdn.heinemann-shop.com/images/h85/h69/9502463819806.jpg,Biotherm,Biotherm Homme Aquapower Day Creme 50 ml,50 ml (€59.80 / 100 ml),from €29.90
https://cdn.heinemann-shop.com/images/h0e/hfb/9380900896798.jpg,Biotherm,Biotherm Deo Pure Roll-On 75 ml,75 ml (€24.40 / 100 ml),from €18.30
https://cdn.heinemann-shop.com/images/hff/he9/9379306274846.jpg,Biotherm,Biotherm Homme Active Shave Repair After Shave 50ml,50 ml (€57.00 / 100 ml),from €28.50
https://cdn.heinemann-shop.com/images/hf7/h43/9380887855134.jpg,Biotherm,Biotherm Homme Shaving Mousse de Rasage Peau Sensible 200 ml,200 ml (€8.35 / 100 ml),from €16.70
https://cdn.heinemann-shop.com/images/hea/h56/9407592562718.jpg,Biotherm,Biotherm Day Control 72h Deo Roll-On 75 ml,75 ml (€24.40 / 100 ml),from €18.30
https://cdn.heinemann-shop.com/images/h33/haa/9378511192094.jpg,Biotherm,Biotherm Homme Aquapower Set,1 items,from €37.90
https://cdn.heinemann-shop.com/images/hb0/h48/9378891202590.jpg,Biotherm,Biotherm Homme - T-Pur Moisturizer Gel 100 ml,100 ml (€35.90 / 100 ml),€35.90
https://cdn.heinemann-shop.com/images/h12/h0e/9378958540830.jpg,Biotherm,Biotherm Aquasource Gel 50 ml,50 ml (€67.80 / 100 ml),from €33.90
https://cdn.heinemann-shop.com/images/hf7/hf1/9379233824798.jpg,Biotherm,Biotherm Blue Therapy Red Algae Lift Creme 50 ml,50 ml (€119.80 / 100 ml),from €59.90
https://cdn.heinemann-shop.com/images/hb7/hfb/9378632695838.jpg,Biotherm,Biotherm Aquapower Men's Care Set,1 items,from €51.90
https://cdn.heinemann-shop.com/images/h8e/hc6/9380667031582.jpg,Biotherm,Biotherm Homme Sensitive Force Balm 75 ml,75 ml (€51.87 / 100 ml),from €38.90
https://cdn.heinemann-shop.com/images/h71/h49/9381006901278.jpg,Biotherm,Biotherm Homme Force Supreme Re-Activating Anti-Aging Care Gel 50 ml,50 ml (€105.80 / 100 ml),from €52.90
https://cdn.heinemann-shop.com/images/hc9/he0/9380921278494.jpg,Biotherm,Biotherm Body Care Deo Pure Déodorant Stick 40 ml,40 ml (€45.75 / 100 ml),from €18.30
https://cdn.heinemann-shop.com/images/h53/hf8/9380656873502.jpg,Biotherm,Biotherm Deodorant Pure Roll-On Natural Protect 75 ml,75 ml (€24.40 / 100 ml),from €18.30
https://cdn.heinemann-shop.com/images/h55/h39/9380957618206.jpg,Biotherm,Biotherm Homme Day Control Déodorant Roll-On 75 ml,75 ml (€24.40 / 100 ml),from €18.30
https://cdn.heinemann-shop.com/images/h43/h2d/9380934549534.jpg,Biotherm,Biotherm Homme Body Care Day Control Déodorant Roll-On Natural Protect 75 ml,75 ml (€24.40 / 100 ml),from €18.30
https://cdn.heinemann-shop.com/images/h8e/h39/9380972527646.jpg,Biotherm,Biotherm Eau D'Energie Eau de Toilette 100 ml,100 ml (€37.90 / 100 ml),from €37.90
https://cdn.heinemann-shop.com/images/hf6/h73/9379215769630.jpg,Biotherm,Biotherm Body Fluide Solaire Sun Care SPF30 200 ml,200 ml (€11.25 / 100 ml),from €22.50
https://cdn.heinemann-shop.com/images/hd0/h19/9476059922462.jpg,Biotherm,Biotherm Oligo-Thermal After Sun Milk 400 ml,400 ml (€62.25 / 1000 ml),from €24.90
https://cdn.heinemann-shop.com/images/h0a/h75/9480269004830.jpg,Biotherm,Biotherm Eau Pure Eau de Toilette 100 ml,100 ml (€37.90 / 100 ml),from €37.90
https://cdn.heinemann-shop.com/images/h6d/h37/9378640298014.jpg,Biotherm,Biotherm Homme - Aquapower Soin Oligo Thermal Ultra Hydratant 100 ml,100 ml (€37.90 / 100 ml),from €37.90
https://cdn.heinemann-shop.com/images/h85/hfd/9379373219870.jpg,Biotherm,Biotherm Blue Therapy Eye Cream 15 ml,15 ml (€279.33 / 100 ml),from €41.90
https://cdn.heinemann-shop.com/images/h26/h66/9407688966174.jpg,Biotherm,Biotherm Déodorant Pure Invisible Roll-On 75 ml,75 ml (€24.40 / 100 ml),from €18.30
https://cdn.heinemann-shop.com/images/hb0/h0d/9426994036766.jpg,Biotherm,Biotherm Homme Force Supreme Youth Architect Serum 50 ml,50 ml (€133.80 / 100 ml),from €66.90
https://cdn.heinemann-shop.com/images/he4/ha3/9378878881822.jpg,Biotherm,Biotherm Homme Age Fitness Advanced Day Care Anti Aging Day Cream 50 ml,50 ml (€91.80 / 100 ml),from €45.90
https://cdn.heinemann-shop.com/images/hc6/h8a/9379421454366.jpg,Biotherm,Biotherm Life Plankton Life Plankton Essence 125 ml,125 ml (€42.32 / 100 ml),from €52.90
https://cdn.heinemann-shop.com/images/h21/h3a/9379319218206.jpg,Biotherm,Biotherm Aquasource Cocoon Gel 50 ml,50 ml (€67.80 / 100 ml),from €33.90
https://cdn.heinemann-shop.com/images/hc0/he5/9378770255902.jpg,Biotherm,Biotherm Total Recharge Non-Stop Moisturizing Fatigue Eraser 50 ml,50 ml (€83.80 / 100 ml),from €41.90
https://cdn.heinemann-shop.com/images/h44/hb4/9499952578590.jpg,Biotherm,Biotherm Aquasource Cream 50 ml,50 ml (€59.80 / 100 ml),from €29.90
https://cdn.heinemann-shop.com/images/h8c/h55/9378699116574.jpg,Biotherm,Biotherm Crème Solaire Anti-Age SPF50 Face Cream 50 ml,50 ml (€49.80 / 100 ml),from €24.90
https://cdn.heinemann-shop.com/images/h70/h08/9378669363230.jpg,Biotherm,Biotherm Sun Milk SPF 30 Spray Solaire 200 ml,200 ml (€12.25 / 100 ml),from €24.50
https://cdn.heinemann-shop.com/images/h92/h0e/9378691612702.jpg,Biotherm,Biotherm Crème Solaire Anti-Age SPF30 Face Cream 50 ml,50 ml (€49.80 / 100 ml),from €24.90
https://cdn.heinemann-shop.com/images/hbd/h59/9378862465054.jpg,Biotherm,Biotherm Blue Therapy Accelerated Serum 30 ml,30 ml (€186.33 / 100 ml),from €55.90
https://cdn.heinemann-shop.com/images/h9b/h6d/9378573123614.jpg,Biotherm,Biotherm Aquasource Cream 50 ml,50 ml (€67.80 / 100 ml),from €33.90
https://cdn.heinemann-shop.com/images/h92/h80/9378932097054.jpg,Biotherm,Biotherm Aquasource Total Eye Revitalizer 15 ml,15 ml (€166.00 / 100 ml),from €24.90
https://cdn.heinemann-shop.com/images/hbb/h22/9432003706910.jpg,Biotherm,Biotherm Men Skincare Set,1 items,from €36.90
https://cdn.heinemann-shop.com/images/h03/hf7/9379148333086.jpg,Biotherm,Biotherm Biosource Clarifying Milk 400 ml,400 ml (€54.75 / 1000 ml),from €21.90
https://cdn.heinemann-shop.com/images/h30/h8c/9379107536926.jpg,Biotherm,Biotherm Aquasource Air Cream SPF 15 50 ml,50 ml (€67.80 / 100 ml),from €33.90
https://cdn.heinemann-shop.com/images/hbe/h86/9378852929566.jpg,Biotherm,Biotherm Homme - Aquapower Soin Oligo Thermal Ultra Moisturizing Gel 75ml,75 ml (€45.20 / 100 ml),from €33.90
https://cdn.heinemann-shop.com/images/h91/hdd/9378843426846.jpg,Biotherm,Biotherm Homme - Aquapower Soin Oligo Thermal Ultra Moisturizing Gel 75ml,75 ml (€45.20 / 100 ml),from €33.90
https://cdn.heinemann-shop.com/images/hf1/hca/9378980069406.jpg,Biotherm,Biotherm Homme Force Supreme Set,1 items,from €98.90
https://cdn.heinemann-shop.com/images/h5a/h29/9378526035998.jpg,Biotherm,Biotherm Biocils Eye Make Up Remover Waterproof 100 ml,100 ml (€16.70 / 100 ml),from €16.70
https://cdn.heinemann-shop.com/images/hd5/h97/9378790801438.jpg,Biotherm,Biotherm Blue Therapy Serum In Oil 50 ml,50 ml (€145.80 / 100 ml),from €72.90
https://cdn.heinemann-shop.com/images/hfc/h7f/9378798403614.jpg,Biotherm,Biotherm Blue Therapy Cream In Oil 50 ml,50 ml (€119.80 / 100 ml),from €59.90
https://cdn.heinemann-shop.com/images/hf8/h4a/9378740043806.jpg,Biotherm,Biotherm Homme Aquapower Set,1 items,from €19.90
https://cdn.heinemann-shop.com/images/h9d/h4f/9378490581022.jpg,Biotherm,Biotherm Lait Corporel Deodorant Roll-On 75 ml,75 ml (€24.40 / 100 ml),from €18.30
https://cdn.heinemann-shop.com/images/h87/h29/9378748497950.jpg,Biotherm,Biotherm Blue Therapy Multi-Defender Cream SPF 25 Airy Mousse Cream 50 ml,50 ml (€119.80 / 100 ml),from €59.90
https://cdn.heinemann-shop.com/images/h0d/h36/9378740273182.jpg,Biotherm,Biotherm Blue Therapy Multi-Defender Cream SPF 25 Rich Balm 50 ml,50 ml (€119.80 / 100 ml),from €59.90
https://cdn.heinemann-shop.com/images/h04/hc9/9399732764702.jpg,Biotherm,Biotherm Pure Deodorant Roll-On Trio,1 items,from €45.90
https://cdn.heinemann-shop.com/images/h2a/h46/9426939379742.jpg,Biotherm,Biotherm Homme AquaFitness Shower Gel for Skin and Hair 200 ml,200 ml (€10.45 / 100 ml),from €20.90
https://cdn.heinemann-shop.com/images/h30/h40/9378971320350.jpg,Biotherm,Biotherm Aquasource Gel 125 ml,125 ml (€39.92 / 100 ml),from €49.90
https://cdn.heinemann-shop.com/images/hba/hda/9380948803614.jpg,Biotherm,Biotherm Homme Body Care Day Control Déodorant Stick 50 ml,50 ml (€36.60 / 100 ml),from €18.30
https://cdn.heinemann-shop.com/images/h51/hb6/9381025021982.jpg,Biotherm,Biotherm Homme After Shave Baume Apaisant Smoothing Balm Alcool Free 100 ml,100 ml (€34.90 / 100 ml),from €34.90
https://cdn.heinemann-shop.com/images/h06/hee/9380567187486.jpg,Biotherm,Biotherm Homme Cleansing Gel Nettoyant Visage 150 ml,150 ml (€14.60 / 100 ml),from €21.90
https://cdn.heinemann-shop.com/images/h88/h7d/9388400902174.jpg,Biotherm,Biotherm Homme Shaving Essentials Travel Size Shaving Foam Set,1 items,from €19.90
https://cdn.heinemann-shop.com/images/h07/h62/9388393431070.jpg,Biotherm,Biotherm Homme Day Control Deodorant Roll-on Trio,1 items,from €46.90
https://cdn.heinemann-shop.com/images/h7b/h7e/9381032493086.jpg,Biotherm,"Biotherm Lait Solair Face and Body Milk SPF15 0,4 l",400 ml (€73.75 / 1000 ml),from €29.50
https://cdn.heinemann-shop.com/images/h93/hf0/9380748689438.jpg,Biotherm,Biotherm Lait Solaire Face and Body Milk SPF 50 Sun protection 400 ml,400 ml (€73.75 / 1000 ml),from €29.50
https://cdn.heinemann-shop.com/images/hdf/had/9426983387166.jpg,Biotherm,Biotherm Moisturizing Beurre de Levres Replumping & Smoothing Lip Balm 13 ml,13 ml (€63.85 / 100 ml),from €8.30
https://cdn.heinemann-shop.com/images/hc3/h79/9381041504286.jpg,Biotherm,Biotherm Lait Solaire Face and Body Milk SPF 30 Sun protection 400 ml,400 ml (€73.75 / 1000 ml),from €29.50
https://cdn.heinemann-shop.com/images/h27/hb7/9378999631902.jpg,Biotherm,Biotherm L'Eau Eau de Toilette 100 ml,100 ml (€37.90 / 100 ml),from €37.90
https://cdn.heinemann-shop.com/images/h84/ha0/9379364241438.jpg,Biotherm,Biotherm Aquasource Night Creme 50 ml,50 ml (€59.80 / 100 ml),from €29.90
https://cdn.heinemann-shop.com/images/h52/ha8/9378956935198.jpg,Biotherm,Biotherm Blue Therapy Skincare Set,1 items,from €107.90
https://cdn.heinemann-shop.com/images/hdb/h18/9379388686366.jpg,Biotherm,Biotherm Homme - Aquapower Daily Defense SPF 14 Face Gel 75 ml,75 ml (€45.20 / 100 ml),€33.90
https://cdn.heinemann-shop.com/images/hfc/h2a/9379401302046.jpg,Biotherm,Biotherm Aquasource Set,1 items,from €37.90
https://cdn.heinemann-shop.com/images/h21/h0e/9379031613470.jpg,Biotherm,Biotherm Life Plankton Face Mask,27 g (€18.15 / 100 g),from €4.90
https://cdn.heinemann-shop.com/images/h1b/h28/9378936881182.jpg,Biotherm,Biotherm Day Tripper Face Care Set 70 ml,1 items,from €19.90
https://cdn.heinemann-shop.com/images/h71/h08/9378514534430.jpg,Biotherm,Biotherm Blue Therapy Face Care Set,1 items,from €49.90
https://cdn.heinemann-shop.com/images/h99/h5a/9399732273182.jpg,Biotherm,Biotherm Skincare Set Face Care Duo 325 ml,1 items,from €98.90
https://cdn.heinemann-shop.com/images/hd2/h85/9380871307294.jpg,Biotherm,Biotherm Biomains Hand and Nail Treatment 100 ml,100 ml (€10.30 / 100 ml),from €10.30
https://cdn.heinemann-shop.com/images/h4b/h20/9378608250910.jpg,Biotherm,Biotherm Life Plankton Essence 200 ml,200 ml (€32.45 / 100 ml),from €64.90
https://cdn.heinemann-shop.com/images/haf/h7b/9380653498398.jpg,Biotherm,Biotherm Aquasource Aqua Bounce Fluid 50 ml,50 ml (€49.00 / 100 ml),from €24.50
https://cdn.heinemann-shop.com/images/h40/h5f/9380659986462.jpg,Biotherm,Biotherm Homme Sensitive Force Aftershave 75 ml,75 ml (€42.53 / 100 ml),from €31.90
https://cdn.heinemann-shop.com/images/h68/h52/9380637736990.jpg,Biotherm,Biotherm Aquasource Aqua Pure Gel 50 ml,50 ml (€49.00 / 100 ml),from €24.50
https://cdn.heinemann-shop.com/images/h9e/h92/9380579901470.jpg,Biotherm,Biotherm Life Plankton Elixir 50 ml,50 ml (€149.80 / 100 ml),from €74.90
https://cdn.heinemann-shop.com/images/hdf/h89/9380648124446.jpg,Biotherm,Biotherm Aquasource Aqua Glow Fluid 50 ml,50 ml (€49.00 / 100 ml),from €24.50
https://cdn.heinemann-shop.com/images/h1b/h27/9388385140766.jpg,Biotherm,Biotherm Aquapower Men's Care Set 175 ml,1 items,from €49.90
https://cdn.heinemann-shop.com/images/h4a/h2e/9407579750430.jpg,Biotherm,Biotherm Homme Aquapower Ice Cooling 48H Control Roll-on Deodorant 75 ml,75 ml (€24.40 / 100 ml),from €18.30
https://cdn.heinemann-shop.com/images/hd8/h79/9407629852702.jpg,Biotherm,Biotherm Solaire Waterlover Sun Mist SPF30 200 ml,200 ml (€13.75 / 100 ml),from €27.50
https://cdn.heinemann-shop.com/images/hcb/h97/9378781397022.jpg,Biotherm,Biotherm Life Plankton Sensitive Emulsion 50 ml,50 ml (€75.80 / 100 ml),from €37.90
https://cdn.heinemann-shop.com/images/hc3/h74/9378983510046.jpg,Biotherm,Biotherm Aquasource Aura Concentrate 50 ml,50 ml (€83.80 / 100 ml),from €41.90
https://cdn.heinemann-shop.com/images/h9d/h9c/9378993242142.jpg,Biotherm,Biotherm Life Plankton Balm 50 ml,50 ml (€75.80 / 100 ml),from €37.90
https://cdn.heinemann-shop.com/images/h13/h9e/9380570071070.jpg,Biotherm,Biotherm Life Plankton Eyes Cream 15 ml,15 ml (€266.00 / 100 ml),from €39.90
https://cdn.heinemann-shop.com/images/h01/hb3/9379216982046.jpg,Biotherm,Biotherm Homme Force Supreme Anti-Aging Care Gel 100 ml,100 ml (€71.90 / 100 ml),from €71.90
https://cdn.heinemann-shop.com/images/h36/h8f/9388384387102.jpg,Biotherm,Biotherm Homme Aquapower Duo,1 items,from €60.90
https://cdn.heinemann-shop.com/images/hda/haa/9378871967774.jpg,Biotherm,Biotherm Blue Therapy Cream Accelerated 50 ml,50 ml (€119.80 / 100 ml),from €59.90
https://cdn.heinemann-shop.com/images/h78/hb4/9380719591454.jpg,Biotherm,Biotherm Biosource Cleansing Mousse 150 ml,150 ml (€12.87 / 100 ml),from €19.30
https://cdn.heinemann-shop.com/images/hc6/h52/9378618474526.jpg,Biotherm,Biotherm Homme Force Supreme Eye Architect Serum 15 ml,15 ml (€306.00 / 100 ml),from €45.90
https://cdn.heinemann-shop.com/images/h99/hf7/9378636267550.jpg,Biotherm,Biotherm Aquasource Day Creme for dry skin 125 ml,125 ml (€39.92 / 100 ml),from €49.90
https://cdn.heinemann-shop.com/images/h6e/h03/9378851487774.jpg,Biotherm,Biotherm Blue Therapy Accelerated Serum 50 ml,50 ml (€145.80 / 100 ml),from €72.90
https://cdn.heinemann-shop.com/images/hb7/h89/9378821472286.jpg,Biotherm,Biotherm Blue Therapy Night Cream 50 ml,50 ml (€119.80 / 100 ml),from €59.90
https://cdn.heinemann-shop.com/images/h8a/hca/9416503558174.jpg,Biotherm,Biotherm Solaire Waterlover Sun Milk 200 ml,200 ml (€12.45 / 100 ml),from €24.90
https://cdn.heinemann-shop.com/images/hf1/h08/9378842673182.jpg,Biotherm,Biotherm Homme Force Supreme Reshape Cream 50 ml,50 ml (€129.80 / 100 ml),from €64.90
https://cdn.heinemann-shop.com/images/hc7/h4c/9380603494430.jpg,Biotherm,Biotherm Body Care Moisturizing Baume Corps Nutrition Intense 400 ml,400 ml (€62.25 / 1000 ml),from €24.90
https://cdn.heinemann-shop.com/images/hd5/h2d/9380765958174.jpg,Biotherm,Biotherm Moisturizing Lait Corporel Anti-Drying Body Milk 400 ml,400 ml (€39.75 / 1000 ml),from €15.90
https://cdn.heinemann-shop.com/images/h2c/h29/9510862979102.jpg,Biotherm,Biotherm Lait Corporel Body Care Duo 800 ml,1 items,from €28.90
https://cdn.heinemann-shop.com/images/h85/h69/9502463819806.jpg,Biotherm,Biotherm Homme Aquapower Day Creme 50 ml,50 ml (€59.80 / 100 ml),from €29.90
https://cdn.heinemann-shop.com/images/h0e/hfb/9380900896798.jpg,Biotherm,Biotherm Deo Pure Roll-On 75 ml,75 ml (€24.40 / 100 ml),from €18.30
https://cdn.heinemann-shop.com/images/hff/he9/9379306274846.jpg,Biotherm,Biotherm Homme Active Shave Repair After Shave 50ml,50 ml (€57.00 / 100 ml),from €28.50
https://cdn.heinemann-shop.com/images/hf7/h43/9380887855134.jpg,Biotherm,Biotherm Homme Shaving Mousse de Rasage Peau Sensible 200 ml,200 ml (€8.35 / 100 ml),from €16.70
https://cdn.heinemann-shop.com/images/hea/h56/9407592562718.jpg,Biotherm,Biotherm Day Control 72h Deo Roll-On 75 ml,75 ml (€24.40 / 100 ml),from €18.30
https://cdn.heinemann-shop.com/images/h33/haa/9378511192094.jpg,Biotherm,Biotherm Homme Aquapower Set,1 items,from €37.90
https://cdn.heinemann-shop.com/images/hb0/h48/9378891202590.jpg,Biotherm,Biotherm Homme - T-Pur Moisturizer Gel 100 ml,100 ml (€35.90 / 100 ml),€35.90
https://cdn.heinemann-shop.com/images/h12/h0e/9378958540830.jpg,Biotherm,Biotherm Aquasource Gel 50 ml,50 ml (€67.80 / 100 ml),from €33.90
https://cdn.heinemann-shop.com/images/hf7/hf1/9379233824798.jpg,Biotherm,Biotherm Blue Therapy Red Algae Lift Creme 50 ml,50 ml (€119.80 / 100 ml),from €59.90
https://cdn.heinemann-shop.com/images/hb7/hfb/9378632695838.jpg,Biotherm,Biotherm Aquapower Men's Care Set,1 items,from €51.90
https://cdn.heinemann-shop.com/images/h8e/hc6/9380667031582.jpg,Biotherm,Biotherm Homme Sensitive Force Balm 75 ml,75 ml (€51.87 / 100 ml),from €38.90
https://cdn.heinemann-shop.com/images/h71/h49/9381006901278.jpg,Biotherm,Biotherm Homme Force Supreme Re-Activating Anti-Aging Care Gel 50 ml,50 ml (€105.80 / 100 ml),from €52.90
https://cdn.heinemann-shop.com/images/hd3/hf8/9329934303262.jpg,Shiseido,Shiseido Men Moisturizing Emulsion 100 ml,100 ml (€41.90 / 100 ml),from €41.90
https://cdn.heinemann-shop.com/images/ha7/h88/9401666895902.jpg,Shiseido,Shiseido Zen Eau de Parfum 50 ml,50 ml (€129.80 / 100 ml),from €64.90
https://cdn.heinemann-shop.com/images/h53/h63/9331006570526.jpg,Shiseido,Shiseido Zen Eau de Parfum 100 ml,100 ml (€89.90 / 100 ml),from €89.90
https://cdn.heinemann-shop.com/images/h5c/h21/9378724446238.jpg,Shiseido,Shiseido Bio Performance LiftDynamic Serum 50 ml,50 ml (€271.80 / 100 ml),from €135.90
https://cdn.heinemann-shop.com/images/h92/h35/9379129622558.jpg,Shiseido,Shiseido Waso Quick Gentle Cleanser 150 ml,150 ml (€19.93 / 100 ml),from €29.90
https://cdn.heinemann-shop.com/images/hcb/hc3/9379202924574.jpg,Shiseido,Shiseido Essential Energy Moisturizing Gel Cream 50 ml,50 ml (€125.80 / 100 ml),from €62.90
https://cdn.heinemann-shop.com/images/h00/h32/9329909727262.jpg,Shiseido,Shiseido Men Skin Empowering Cream 50 ml,50 ml (€205.80 / 100 ml),from €102.90
https://cdn.heinemann-shop.com/images/he3/h74/9329250369566.jpg,Shiseido,Shiseido Men Cleansing Foam 125 ml,125 ml (€22.80 / 100 ml),from €28.50
https://cdn.heinemann-shop.com/images/h31/hfd/9381032263710.jpg,Shiseido,Shiseido Global Sun Care Urban Environment UV Protection Cream Plus 50 ml,50 ml (€71.80 / 100 ml),from €35.90
https://cdn.heinemann-shop.com/images/h22/h28/9331339427870.jpg,Shiseido,Shiseido Eyelash Curler,1 items,from €23.90
https://cdn.heinemann-shop.com/images/hea/he1/9380621090846.jpg,Shiseido,Shiseido Advanced Super Revitalizing Cream 75 ml,75 ml (€141.20 / 100 ml),from €105.90
https://cdn.heinemann-shop.com/images/ha5/he5/9378812264478.jpg,Shiseido,Shiseido Perfect Hydrating BB Cream Light 30 ml,30 ml (€106.33 / 100 ml),from €31.90
https://cdn.heinemann-shop.com/images/h27/h41/9378554052638.jpg,Shiseido,Shiseido Sun Protection Foundation N° SP04 Dark Ivory,12 g,from €31.90
https://cdn.heinemann-shop.com/images/hfb/h9a/9327775580190.jpg,Shiseido,Shiseido Ever Bloom Eau de Parfum 50 ml,50 ml (€137.80 / 100 ml),from €68.90
https://cdn.heinemann-shop.com/images/h4f/h6d/9379099705374.jpg,Shiseido,Shiseido Waso Color Smart Day Moisturizer 50 ml,50 ml (€79.80 / 100 ml),from €39.90
https://cdn.heinemann-shop.com/images/h31/h45/9379108913182.jpg,Shiseido,Shiseido Waso Color Smart Day Oilfree Moisturizer 50 ml,50 ml (€79.80 / 100 ml),from €39.90
https://cdn.heinemann-shop.com/images/hc2/h89/9420991201310.jpg,Shiseido,Shiseido Future Solution LX Softener 170 ml,170 ml (€63.47 / 100 ml),€107.90
https://cdn.heinemann-shop.com/images/had/had/9419663310878.jpg,Shiseido,Shiseido Future Solution LX Day Cream 50 ml,50 ml (€579.80 / 100 ml),€289.90
https://cdn.heinemann-shop.com/images/hb2/hcd/9379117170718.jpg,Shiseido,Shiseido Waso Soft and Cushy Polisher 75 ml,75 ml (€39.87 / 100 ml),from €29.90
https://cdn.heinemann-shop.com/images/he4/h05/9420990447646.jpg,Shiseido,Shiseido Future Solution LX Cleansing Foam 125 ml,125 ml (€58.32 / 100 ml),€72.90
https://cdn.heinemann-shop.com/images/hbc/hb0/9378596519966.jpg,Shiseido,Shiseido Sun Protection Set,1 items,from €53.90
https://cdn.heinemann-shop.com/images/h0e/h31/9420991889438.jpg,Shiseido,Shiseido Future Solution LX Night Cream 50 ml,50 ml (€631.80 / 100 ml),€315.90
https://cdn.heinemann-shop.com/images/hcd/h8d/9378536161310.jpg,Shiseido,Shiseido Essential Energy Day Cream 50 ml,50 ml (€125.80 / 100 ml),from €62.90
https://cdn.heinemann-shop.com/images/hac/he1/9379191750686.jpg,Shiseido,Shiseido Essential Energy Moisturizing Cream 50 ml,50 ml (€125.80 / 100 ml),from €62.90
https://cdn.heinemann-shop.com/images/h00/h4d/9426981093406.jpg,Shiseido,Shiseido Men's Total Revitalizer 50 ml,50 ml (€149.80 / 100 ml),from €74.90
https://cdn.heinemann-shop.com/images/heb/he2/9380721950750.jpg,Shiseido,Shiseido Benefiance NutriPerfect Night Cream 50 ml,50 ml (€205.80 / 100 ml),from €102.90
https://cdn.heinemann-shop.com/images/h5a/h3c/9380879269918.jpg,Shiseido,Shiseido Benefiance Pure Retinol Face Mask 64 ml,64 ml (€98.28 / 100 ml),from €62.90
https://cdn.heinemann-shop.com/images/h29/h6f/9379089547294.jpg,Shiseido,Shiseido Waso Quick Matte Moisturizer Oil Free 75 ml,75 ml (€53.20 / 100 ml),from €39.90
https://cdn.heinemann-shop.com/images/heb/ha9/9379080568862.jpg,Shiseido,Shiseido Waso Clear Mega Hydrating Cream 50 ml,50 ml (€79.80 / 100 ml),from €39.90
https://cdn.heinemann-shop.com/images/hd8/h3c/9491015729182.jpg,Shiseido,Shiseido Ultimune Power infusing concentrate 100 ml,100 ml (€147.90 / 100 ml),from €147.90
https://cdn.heinemann-shop.com/images/h07/h03/9491015434270.jpg,Shiseido,Shiseido Ultimune Power infusing concentrate 50 ml,50 ml (€215.80 / 100 ml),from €107.90
https://cdn.heinemann-shop.com/images/ha1/h63/9329876598814.jpg,Shiseido,Shiseido Men´s Total Revitalizer light fluid 80 ml,80 ml (€93.62 / 100 ml),from €74.90
https://cdn.heinemann-shop.com/images/h36/h69/9330279317534.jpg,Shiseido,Shiseido Men Moisturizing Recovery Cream 50 ml,50 ml (€91.80 / 100 ml),from €45.90
https://cdn.heinemann-shop.com/images/h73/hec/9380836638750.jpg,Shiseido,Shiseido Global Sun Care After Sun Intensive Recovery Emulsion 300 ml,300 ml (€126.33 / 1000 ml),from €37.90
https://cdn.heinemann-shop.com/images/h28/h47/9379185819678.jpg,Shiseido,Shiseido Perfect Hydrating BB Cream Medium 30 ml,30 ml (€106.33 / 100 ml),from €31.90
https://cdn.heinemann-shop.com/images/hbb/hc7/9379197386782.jpg,Shiseido,Shiseido Perfect Hydrating BB Cream Dark 30 ml,30 ml (€106.33 / 100 ml),from €31.90
https://cdn.heinemann-shop.com/images/h16/hce/9330124718110.jpg,Shiseido,Shiseido Synchro Skin Glow Luminizing Foundation Neutral 2 30 ml,30 ml (€133.00 / 100 ml),from €39.90
https://cdn.heinemann-shop.com/images/hc5/h0f/9419665604638.jpg,Shiseido,Shiseido Future Solution Intensive Firming Contour Serum 50 ml,50 ml (€591.80 / 100 ml),€295.90
https://cdn.heinemann-shop.com/images/h25/h23/9329526013982.jpg,Shiseido,Shiseido Men's Eye total revitalizer 15 ml,15 ml (€346.00 / 100 ml),from €51.90
https://cdn.heinemann-shop.com/images/h35/h49/9329464213534.jpg,Shiseido,Shiseido Men's Shaving Cream 100 ml,100 ml (€23.50 / 100 ml),from €23.50
Image is missing,Shiseido,Shiseido Men's Hydro Master Gel 75 ml,75 ml (€49.20 / 100 ml),from €36.90
https://cdn.heinemann-shop.com/images/hd7/h5e/9381041733662.jpg,Shiseido,Shiseido Bio-Performance Advanced Super Revitalizing Cream 50 ml,50 ml (€177.80 / 100 ml),from €88.90
https://cdn.heinemann-shop.com/images/h68/h9b/9378985246750.jpg,Shiseido,Shiseido Defend Preperation Deep Cleansing Foam 125 ml,125 ml (€31.12 / 100 ml),from €38.90
https://cdn.heinemann-shop.com/images/h8c/hdb/9330906234910.jpg,Shiseido,Shiseido All Make Up Set,1 items,from €56.90
https://cdn.heinemann-shop.com/images/hed/h63/9329925816350.jpg,Shiseido,Shiseido VisionAiry Gel Lipstick N° 223 Shirzuka Red,1.6 g,from €26.50
https://cdn.heinemann-shop.com/images/h13/h1c/9380530520094.jpg,Shiseido,Shiseido Ultimune Eye Serum 15 ml,15 ml (€412.67 / 100 ml),from €61.90
https://cdn.heinemann-shop.com/images/h82/hca/9331110739998.jpg,Shiseido,Shiseido ModernMatte Powder Lipstick N° 510 Night Life,4 g (€662.50 / 100 g),from €26.50
https://cdn.heinemann-shop.com/images/h3f/h2a/9330774278174.jpg,Shiseido,Shiseido Eye Shadow Set N° 1 Miyuki Street Nudes,1 items,from €35.90
https://cdn.heinemann-shop.com/images/h90/h78/9379144171550.jpg,Shiseido,Shiseido Defend Preperation Treatment Softener 150 ml,150 ml (€33.27 / 100 ml),from €49.90
https://cdn.heinemann-shop.com/images/h42/h24/9379153510430.jpg,Shiseido,Shiseido Defend Preperation Treatment Softener Enriched 150 ml,150 ml (€33.27 / 100 ml),from €49.90
https://cdn.heinemann-shop.com/images/hdb/h63/9379235299358.jpg,Shiseido,Shiseido Waso Puryfying Peel of Mask 100 ml,100 ml (€33.90 / 100 ml),from €33.90
https://cdn.heinemann-shop.com/images/he5/h9e/9330133041182.jpg,Shiseido,Shiseido Brow Ink Trio N° 2 Taupe,0.31 g,from €21.50
https://cdn.heinemann-shop.com/images/h51/h2c/9330554306590.jpg,Shiseido,Shiseido InkArtist Kajal N° 1 Tea House,0.8 g,from €22.90
https://cdn.heinemann-shop.com/images/h4b/hf1/9330797936670.jpg,Shiseido,Shiseido Eye Shadow Set N° 4 Kaigan Street Waters,1 items,from €35.90
https://cdn.heinemann-shop.com/images/hfc/hce/9330510954526.jpg,Shiseido,Shiseido ImperialLash Mascara Ink N° 1 Sumi Black,8.5 g,from €26.50
https://cdn.heinemann-shop.com/images/h9e/h4e/9379132473374.jpg,Shiseido,Shiseido Defend Preperation Extra Rich Cleansing Milk 125 ml,125 ml (€33.52 / 100 ml),from €41.90
https://cdn.heinemann-shop.com/images/h13/h4e/9379162554398.jpg,Shiseido,Shiseido Essential Energy Eye Definer 15 ml,15 ml (€219.33 / 100 ml),from €32.90
https://cdn.heinemann-shop.com/images/h41/h49/9330240618526.jpg,Shiseido,Shiseido Color Gel Lip Balm N° 101 Ginkgo,"2 g (€1,325.00 / 100 g)",from €26.50
https://cdn.heinemann-shop.com/images/hc6/h81/9331038945310.jpg,Shiseido,Shiseido All Aura Dew N° 2 Solar,4.8 g,from €27.50
https://cdn.heinemann-shop.com/images/ha8/hb7/9330882379806.jpg,Shiseido,Shiseido Eye Shadow Set N° 6 Hanatsubaki Street Nightlife,1 items,from €35.90
https://cdn.heinemann-shop.com/images/hf5/h37/9379222093854.jpg,Shiseido,Shiseido Waso Beauty Sleeping Mask 80 ml,80 ml (€53.62 / 100 ml),from €42.90
https://cdn.heinemann-shop.com/images/h47/h74/9330854330398.jpg,Shiseido,Shiseido Eye Shadow Set N° 5 Kotto Street Vintage,1 items,from €35.90
https://cdn.heinemann-shop.com/images/hfe/h90/9330684559390.jpg,Shiseido,Shiseido Innerglow Cheek Powder N° 6 Alpen Glow,3.5 g,from €34.90
https://cdn.heinemann-shop.com/images/hba/h46/9331159957534.jpg,Shiseido,Shiseido Microliner Ink N° 2 Brown,0.08 g,from €20.50
https://cdn.heinemann-shop.com/images/h1a/h4a/9330798231582.jpg,Shiseido,Shiseido LacquerInk LipShine N° 312 Electro Peach,6 ml (€458.33 / 100 ml),from €27.50
https://cdn.heinemann-shop.com/images/h1a/h1b/9330084773918.jpg,Shiseido,Shiseido Archliner Ink N° 1 Shibui Black,0.4 ml,from €22.90
https://cdn.heinemann-shop.com/images/h5a/hfc/9435968438302.jpg,Shiseido,Shiseido Ultimune Set,1 items,from €259.90
https://cdn.heinemann-shop.com/images/h56/h8e/9330398691358.jpg,Shiseido,Shiseido Make-Up Controlled Chaos Mascaraink 01 N° 1 Black,8.5 ml (€323.53 / 100 ml),from €27.50
https://cdn.heinemann-shop.com/images/h4e/h88/9380522885150.jpg,Shiseido,Shiseido Benefiance Wrinkle Smoothing 50 ml,50 ml (€153.80 / 100 ml),from €76.90
https://cdn.heinemann-shop.com/images/h73/h9c/9378987147294.jpg,Shiseido,Shiseido White lucent Brightening Gel Cream 50 ml,50 ml (€145.80 / 100 ml),from €72.90
https://cdn.heinemann-shop.com/images/he4/h3b/9380515840030.jpg,Shiseido,Shiseido Benefiance Wrinkle Smoothing 50 ml,50 ml (€153.80 / 100 ml),from €76.90
https://cdn.heinemann-shop.com/images/hb0/h90/9378997043230.jpg,Shiseido,Shiseido White lucent Overnight Cream & Mask 75 ml,75 ml (€111.87 / 100 ml),from €83.90
https://cdn.heinemann-shop.com/images/hc3/h36/9380538318878.jpg,Shiseido,Shiseido Global Suncare Invisible Protective Mist SPF50+ 150 ml,150 ml (€27.93 / 100 ml),€41.90
https://cdn.heinemann-shop.com/images/hf2/h27/9378951233566.jpg,Shiseido,Shiseido Global Suncare Sports BB medium 30 ml,30 ml (€99.67 / 100 ml),from €29.90
https://cdn.heinemann-shop.com/images/h15/h66/9378941141022.jpg,Shiseido,Shiseido Global Suncare Sports BB light 30 ml,30 ml (€99.67 / 100 ml),from €29.90
https://cdn.heinemann-shop.com/images/hcd/h13/9259577737246.jpg,Shiseido,Shiseido White lucent Face Care Set,1 items,from €129.90
https://cdn.heinemann-shop.com/images/h8e/h9f/9380706123806.jpg,Shiseido,Shiseido Benefiance NutriPerfect Day Cream 50 ml,50 ml (€191.80 / 100 ml),from €95.90
https://cdn.heinemann-shop.com/images/hd0/h9e/9437052600350.jpg,Shiseido,Shiseido Expert Sun Aging Protection Cream Plus SPF50 50 ml,50 ml (€65.80 / 100 ml),€32.90
https://cdn.heinemann-shop.com/images/h73/h76/9378914762782.jpg,Shiseido,Shiseido Expert Sun Aging Protection Cream SPF30 50 ml,50 ml (€65.80 / 100 ml),from €32.90
https://cdn.heinemann-shop.com/images/hb9/hf3/9380565516318.jpg,Shiseido,Shiseido Benefiance Nutriperfect Eye Serum 15 ml,15 ml (€526.00 / 100 ml),from €78.90
https://cdn.heinemann-shop.com/images/h51/he0/9437046145054.jpg,Shiseido,Shiseido Intensive Anti Spot Serum 30 ml,30 ml (€129.67 / 100 ml),€38.90
https://cdn.heinemann-shop.com/images/h87/hc2/9437045227550.jpg,Shiseido,Shiseido Perfecting Stick Concealer N° 55 Medium Deep,5 g,€25.50
https://cdn.heinemann-shop.com/images/hd4/h47/9330845941790.jpg,Shiseido,Shiseido Ever Bloom Eau de Toilette 50 ml,50 ml (€123.80 / 100 ml),from €61.90
https://cdn.heinemann-shop.com/images/h35/h9d/9437040541726.jpg,Shiseido,Shiseido Bio Performance LiftDynamic Day Cream 75 ml,75 ml (€199.87 / 100 ml),€149.90
https://cdn.heinemann-shop.com/images/h2a/h03/9420995395614.jpg,Shiseido,Shiseido Future Solution LX Eye & Lip Cream 17 ml,17 ml (€840.59 / 100 ml),€142.90
https://cdn.heinemann-shop.com/images/h1d/h93/9476056711198.jpg,Shiseido,Shiseido Waso Set,1 items,from €76.90
https://cdn.heinemann-shop.com/images/h72/h90/9437013311518.jpg,Shiseido,Shiseido Suncare Expert Sun Anti-Aging Protective Lotion SPF 30 100 ml,100 ml (€22.50 / 100 ml),€22.50
https://cdn.heinemann-shop.com/images/h5a/hdf/9330265620510.jpg,Shiseido,Shiseido Men's Active energizing concentrate 50 ml,50 ml (€105.80 / 100 ml),from €52.90
https://cdn.heinemann-shop.com/images/h18/hba/9437020913694.jpg,Shiseido,Shiseido Waso Face Care Set,1 items,€24.90
https://cdn.heinemann-shop.com/images/h85/h1c/9380917051422.jpg,Shiseido,Shiseido Eudermine Lotion 200 ml,200 ml (€38.95 / 100 ml),from €77.90
https://cdn.heinemann-shop.com/images/h29/hb6/9378995372062.jpg,Shiseido,Shiseido Defend Preperation Claryfing Cleansing Foam 125 ml,125 ml (€31.12 / 100 ml),from €38.90
https://cdn.heinemann-shop.com/images/h9d/hc4/9329160552478.jpg,Shiseido,Shiseido Benefiance Face Care Set,1 items,from €125.90
https://cdn.heinemann-shop.com/images/h4d/h51/9330545721374.jpg,Bvlgari,Bvlgari Aqva Pour Homme Eau de Toilette 50 ml,50 ml (€117.80 / 100 ml),from €58.90
https://cdn.heinemann-shop.com/images/h07/h38/9330633408542.jpg,Bvlgari,Bvlgari Aqva Pour Homme Marine Eau de Toilette 50 ml,50 ml (€117.80 / 100 ml),from €58.90
https://cdn.heinemann-shop.com/images/h0e/h7e/9426985287710.jpg,Bvlgari,Bvlgari Splendida Magnolia Sensuelle Eau de Parfum 50 ml,50 ml (€159.80 / 100 ml),from €79.90
https://cdn.heinemann-shop.com/images/h8d/h79/9330306351134.jpg,Bvlgari,Bvlgari Iris d'or Eau de Parfum 100 ml,100 ml (€115.90 / 100 ml),from €115.90
https://cdn.heinemann-shop.com/images/he8/h78/9380760682526.jpg,Bvlgari,Bvlgari Omnia Crystalline Eau de Toilette 40 ml,40 ml (€144.75 / 100 ml),from €57.90
https://cdn.heinemann-shop.com/images/ha6/h46/9379035611166.jpg,Bvlgari,Bvlgari Man Extreme Eau de Toilette 60 ml,60 ml (€66.50 / 100 ml),from €39.90
https://cdn.heinemann-shop.com/images/he9/h47/9337900728350.jpg,Bvlgari,Bvlgari Le Gemme Ashlemah Eau de Parfum 100 ml,100 ml (€239.90 / 100 ml),€239.90
https://cdn.heinemann-shop.com/images/h1e/hc2/9330147917854.jpg,Bvlgari,Bvlgari Gemme Desiria Eau de Parfum 100 ml,100 ml (€255.90 / 100 ml),€255.90
https://cdn.heinemann-shop.com/images/haf/h05/9330121310238.jpg,Bvlgari,Bvlgari Gemme Irina Eau de Parfum 100 ml,100 ml (€255.90 / 100 ml),€255.90
https://cdn.heinemann-shop.com/images/hc6/h58/9330098733086.jpg,Bvlgari,Bvlgari Gemme Splendia Eau de Parfum 100 ml,100 ml (€255.90 / 100 ml),€255.90
https://cdn.heinemann-shop.com/images/hfd/h17/9378664644638.jpg,Bvlgari,Bvlgari Rose Goldea Eau de Parfum 50 ml,50 ml (€165.80 / 100 ml),from €82.90
https://cdn.heinemann-shop.com/images/h8f/h04/9329542168606.jpg,Bvlgari,Bvlgari Rose Goldea Eau de Parfum 90 ml,90 ml (€128.78 / 100 ml),from €115.90
https://cdn.heinemann-shop.com/images/hd7/h6e/9426976669726.jpg,Bvlgari,Bvlgari Le Gemme Garanat Eau de Parfum 100 ml,100 ml (€255.90 / 100 ml),€255.90
https://cdn.heinemann-shop.com/images/hff/hbf/9380713627678.jpg,Bvlgari,Bvlgari Aqua Pour Homme Eau de Toilette 100 ml,100 ml (€79.90 / 100 ml),from €79.90
https://cdn.heinemann-shop.com/images/h1b/hfd/9330784174110.jpg,Bvlgari,Bvlgari Omnia Amethyste Eau de Toilette 65 ml,65 ml (€110.62 / 100 ml),from €71.90
https://cdn.heinemann-shop.com/images/h4e/h0a/9426985844766.jpg,Bvlgari,Bvlgari Jasmin Noir Eau de Parfum 50 ml,50 ml (€159.80 / 100 ml),from €79.90
https://cdn.heinemann-shop.com/images/h20/hb4/9379314171934.jpg,Bvlgari,Bvlgari Man Wood Essence Eau de Parfum 100 ml,100 ml (€91.90 / 100 ml),from €91.90
https://cdn.heinemann-shop.com/images/hd2/hf2/9378969419806.jpg,Bvlgari,Bvlgari Jasmin Noir Eau de Parfum 100 ml,100 ml (€115.90 / 100 ml),from €115.90
https://cdn.heinemann-shop.com/images/h6f/h83/9330460852254.jpg,Bvlgari,Bvlgari Rose Rose Eau de Parfum 100 ml,100 ml (€115.90 / 100 ml),from €115.90
https://cdn.heinemann-shop.com/images/h36/ha2/9380990386206.jpg,Bvlgari,Bvlgari Aqva Pour Homme Marine Eau de Toilette 100 ml,100 ml (€79.90 / 100 ml),from €79.90
https://cdn.heinemann-shop.com/images/h59/hfc/9380862394398.jpg,Bvlgari,Bvlgari Man Wood Essence Neroli Eau de Parfum 100 ml,100 ml (€93.90 / 100 ml),from €93.90
https://cdn.heinemann-shop.com/images/h8e/h7b/9380868259870.jpg,Bvlgari,Bvlgari Man Wood Essence Neroli Eau de Parfum 60 ml,60 ml (€111.50 / 100 ml),from €66.90
https://cdn.heinemann-shop.com/images/h1e/ha0/9380732796958.jpg,Bvlgari,Bvlgari Man Eau de Toilette 100 ml,100 ml (€83.90 / 100 ml),from €83.90
https://cdn.heinemann-shop.com/images/h70/h75/9327707914270.jpg,Bvlgari,Bvlgari Le Gemme Zahira Eau de Parfum 100 ml,100 ml (€255.90 / 100 ml),€255.90
https://cdn.heinemann-shop.com/images/hc1/he5/9327704670238.jpg,Bvlgari,Bvlgari Le Gemme Lazulia Eau de Parfum 100 ml,100 ml (€255.90 / 100 ml),€255.90
https://cdn.heinemann-shop.com/images/h75/h69/9379454976030.jpg,Bvlgari,Bvlgari Goldea The Roman Night Eau de Parfum 75 ml,75 ml (€122.53 / 100 ml),from €91.90
https://cdn.heinemann-shop.com/images/h2d/h4b/9378771632158.jpg,Bvlgari,Bvlgari Aqva Atlantique Eau de Toilette 100 ml,100 ml (€78.90 / 100 ml),from €78.90
https://cdn.heinemann-shop.com/images/hca/hfa/9378763931678.jpg,Bvlgari,Bvlgari Aqva Atlantique Eau de Toilette 50 ml,50 ml (€117.80 / 100 ml),from €58.90
https://cdn.heinemann-shop.com/images/hf9/h45/9329620582430.jpg,Bvlgari,Bvlgari Le Gemme Onekh Eau de Parfum 100 ml,100 ml (€255.90 / 100 ml),€255.90
https://cdn.heinemann-shop.com/images/h90/h18/9330260115486.jpg,Bvlgari,Bvlgari Splendida Magnolia Sensuelle Eau de Parfum 100 ml,100 ml (€115.90 / 100 ml),from €115.90
https://cdn.heinemann-shop.com/images/ha7/h22/9508963287070.jpg,Bvlgari,Bvlgari Omnia Pink Sapphire Eau de Toilette 65 ml,65 ml (€110.62 / 100 ml),from €71.90
https://cdn.heinemann-shop.com/images/had/h9b/9384158756894.jpg,Bvlgari,Bvlgari Le Gemme Reali Rubinia Eau de Parfum 100 ml,100 ml (€255.90 / 100 ml),€255.90
https://cdn.heinemann-shop.com/images/h8d/he5/9515082350622.jpg,Bvlgari,Bvlgari Rose Goldea Set 65 ml,1 items,€82.90
https://cdn.heinemann-shop.com/images/h96/h6e/9379103309854.jpg,Bvlgari,Bvlgari Goldea 40887 EDPS,50 ml (€149.80 / 100 ml),from €74.90
https://cdn.heinemann-shop.com/images/h31/h67/9379091677214.jpg,Bvlgari,Bvlgari Goldea 40886 EDPS,75 ml (€122.53 / 100 ml),from €91.90
https://cdn.heinemann-shop.com/images/hdd/hae/9408489455646.jpg,Bvlgari,Bvlgari Le Gemme Yasep Eau de Parfum 100 ml,100 ml (€233.00 / 100 ml),€233.00
https://cdn.heinemann-shop.com/images/h8d/h08/9408488996894.jpg,Bvlgari,Bvlgari Le Gemme Falkar Eau de Parfum 100 ml,100 ml (€255.90 / 100 ml),€255.90
https://cdn.heinemann-shop.com/images/h79/hc7/9408489226270.jpg,Bvlgari,Bvlgari Le Gemme Opalon Eau de Parfum 100 ml,100 ml (€255.90 / 100 ml),€255.90
https://cdn.heinemann-shop.com/images/h43/hf4/9379293495326.jpg,Bvlgari,Bvlgari Rose Goldea Blossom Delight Eau de Parfum 75 ml,75 ml (€123.87 / 100 ml),from €92.90
https://cdn.heinemann-shop.com/images/hf3/hec/9380581670942.jpg,Bvlgari,Bvlgari Splendida Tubereuse Eau de Parfum 100 ml,100 ml (€115.90 / 100 ml),from €115.90
https://cdn.heinemann-shop.com/images/h1a/h51/9378813181982.jpg,Bvlgari,Bvlgari Man in Black Eau de Parfum 100 ml,100 ml (€93.90 / 100 ml),from €93.90
https://cdn.heinemann-shop.com/images/h46/h16/9378804432926.jpg,Bvlgari,Bvlgari Man in Black Eau de Parfum 60 ml,60 ml (€114.83 / 100 ml),from €68.90
https://cdn.heinemann-shop.com/images/hc7/h0b/9327859204126.jpg,Bvlgari,Bvlgari Man Extreme Eau de Toilette 100 ml,100 ml (€83.90 / 100 ml),from €83.90
https://cdn.heinemann-shop.com/images/hdc/h24/9380721262622.jpg,Bvlgari,Bvlgari Omnia Coral Eau de Toilette 65 ml,65 ml (€110.62 / 100 ml),from €71.90
https://cdn.heinemann-shop.com/images/hca/hb2/9379323478046.jpg,Bvlgari,Bvlgari Man Wood Essence Eau de Parfum 60 ml,60 ml (€111.50 / 100 ml),from €66.90
https://cdn.heinemann-shop.com/images/hd2/he5/9380516069406.jpg,Bvlgari,Bvlgari Omnia Crystalline Duo 80 ml,80 ml (€91.12 / 100 ml),from €72.90
https://cdn.heinemann-shop.com/images/h4d/hb2/9380772249630.jpg,Bvlgari,Bvlgari Omnia Crystalline Eau de Toilette 65 ml,65 ml (€110.62 / 100 ml),from €71.90
https://cdn.heinemann-shop.com/images/hd6/he3/9515079893022.jpg,Bvlgari,Bvlgari Goldea The Roman Night Set,1 items,€74.90
https://cdn.heinemann-shop.com/images/h6f/h20/9329520836638.jpg,Bvlgari,Bvlgari Le Gemme Gyan Eau de Parfum 100 ml,100 ml (€255.90 / 100 ml),€255.90
https://cdn.heinemann-shop.com/images/h8f/h70/9329641553950.jpg,Bvlgari,Bvlgari Le Gemme Ambero Eau de Parfum 100 ml,100 ml (€255.90 / 100 ml),€255.90
https://cdn.heinemann-shop.com/images/h36/h8b/9379440099358.jpg,Bvlgari,Bvlgari Goldea The Roman Night Eau de Parfum 50 ml,50 ml (€149.80 / 100 ml),from €74.90
https://cdn.heinemann-shop.com/images/he8/h3a/9329644404766.jpg,Bvlgari,Bvlgari Le Gemme Tygar Eau de Parfum 100 ml,100 ml (€255.90 / 100 ml),€255.90
https://cdn.heinemann-shop.com/images/h55/hbd/9437023567902.jpg,Bvlgari,Bvlgari Coffret,1 items,€54.90
https://cdn.heinemann-shop.com/images/h5a/hb7/9515079630878.jpg,Bvlgari,Bvlgari Rose Goldea Set,1 items,€81.90
https://cdn.heinemann-shop.com/images/ha1/h9b/9384158986270.jpg,Bvlgari,Bvlgari Le Gemme Reali Nylaia Eau de Parfum 100 ml,100 ml (€255.90 / 100 ml),€255.90
https://cdn.heinemann-shop.com/images/h6d/hc8/9384158527518.jpg,Bvlgari,Bvlgari Le Gemme Reali Veridia Eau de Parfum 100 ml,100 ml (€255.90 / 100 ml),€255.90
https://cdn.heinemann-shop.com/images/hcb/ha5/9384865529886.jpg,Bvlgari,"Bvlgari, women's sunglasses",,€309.90
https://cdn.heinemann-shop.com/images/h97/h74/9340611526686.jpg,Bvlgari,Bvlgari Omnia Pink Sapphire Set 215 ml,1 items,€69.90
https://cdn.heinemann-shop.com/images/h1c/h1b/9515075502110.jpg,Bvlgari,Bvlgari Omnia Crystalline Set 120 ml,1 items,€56.90
https://cdn.heinemann-shop.com/images/hd6/h8f/9515074977822.jpg,Bvlgari,Bvlgari Aqva Atlantique Set 200 ml,1 items,€78.90
https://cdn.heinemann-shop.com/images/h90/hc8/9384851144734.jpg,Bvlgari,"BVLGARI, women's sunglasses",,€309.90
https://cdn.heinemann-shop.com/images/h03/h80/9384850685982.jpg,Bvlgari,"BULGARI, women's sunglasses",,€335.90
https://cdn.heinemann-shop.com/images/hc0/hd4/9384850161694.jpg,Bvlgari,"BVLGARI, women's sunglasses",,€335.90
https://cdn.heinemann-shop.com/images/hf5/h5b/9478062899230.jpg,Bvlgari,Bvlgari Omnia Pink Sapphire Set,1 items,€68.90
https://cdn.heinemann-shop.com/images/h75/h02/9254230818846.jpg,Bvlgari,Bvlgari Man Wood Essence Set,1 items,€84.90
https://cdn.heinemann-shop.com/images/hd7/ha4/9254227705886.jpg,Bvlgari,Bvlgari Man Wood Essence Set,1 items,€84.90
https://cdn.heinemann-shop.com/images/hfc/h09/9380647895070.jpg,Bvlgari,Bvlgari Omnia Crystalline Set,1 items,€55.90
https://cdn.heinemann-shop.com/images/he7/h7b/9094134169630.jpg,Bvlgari,Bvlgari Goldea The Roman Night Set,1 items,€91.90
https://cdn.heinemann-shop.com/images/hd3/h7d/9478068207646.jpg,Bvlgari,Bvlgari Rose Goldea Set,1 items,€81.90
https://cdn.heinemann-shop.com/images/h57/hd6/9380827004958.jpg,Bvlgari,Bvlgari Man Wood Essence Duo 120 ml,120 ml (€70.75 / 100 ml),from €84.90
https://cdn.heinemann-shop.com/images/hb0/h5a/9340483239966.jpg,Bvlgari,Bvlgari Man in Black Set 200 ml,1 items,€93.90
https://cdn.heinemann-shop.com/images/h35/h8f/9388408930334.jpg,Bvlgari,Bvlgari Omnia Crystalline Set 215 ml,1 items,€69.90
https://cdn.heinemann-shop.com/images/h8e/h38/9340517285918.jpg,Bvlgari,Bvlgari Man Wood Essence Set 200 ml,1 items,€93.90
https://cdn.heinemann-shop.com/images/h3b/h1f/9339791376414.jpg,Bvlgari,Bvlgari Rose Goldea Set 240 ml,1 items,€115.90
https://cdn.heinemann-shop.com/images/h77/h43/9408540999710.jpg,Bvlgari,Bvlgari Omnia Crystalline Set,1 items,€69.90
https://cdn.heinemann-shop.com/images/h3b/hb6/9381009850398.jpg,Bvlgari,Bvlgari Man Wood Neroli Set,1 items,€91.90
https://cdn.heinemann-shop.com/images/h2e/ha2/9408538902558.jpg,Bvlgari,Bvlgari Aqva Marine Set,1 items,€78.90
https://cdn.heinemann-shop.com/images/h72/h80/9381017124894.jpg,Bvlgari,Bvlgari Rose Goldea Blossom Delight Set,1 items,€91.90
https://cdn.heinemann-shop.com/images/h01/h14/9381005983774.jpg,Bvlgari,Bvlgari Man Wood Essence Set,1 items,€91.90
https://cdn.heinemann-shop.com/images/h02/hbf/9408533856286.jpg,Bvlgari,Bvlgari Aqva Set,1 items,€78.90
https://cdn.heinemann-shop.com/images/h1c/h4e/9489019076638.jpg,Bvlgari,Bvlgari Omnia Amethyste Set,1 items,€69.90
https://cdn.heinemann-shop.com/images/h19/ha5/9331116933150.jpg,Bvlgari,Bvlgari Le Gemme Coralia Eau de Parfum 100 ml,100 ml (€255.90 / 100 ml),€255.90
https://cdn.heinemann-shop.com/images/h0e/he1/9489018322974.jpg,Bvlgari,Bvlgari Omnia Crystalline Set,1 items,€56.90
https://cdn.heinemann-shop.com/images/h6b/h21/9489013604382.jpg,Bvlgari,Bvlgari Man Wood Essence Set,1 items,€91.90
https://cdn.heinemann-shop.com/images/h96/h80/9489019338782.jpg,Bvlgari,Bvlgari Omnia Crystalline Set,1 items,€69.90
https://cdn.heinemann-shop.com/images/h92/h54/9381001330718.jpg,Bvlgari,Bvlgari Rose Goldea Set,1 items,€112.90
https://cdn.heinemann-shop.com/images/h5c/h4e/9380827955230.jpg,Bvlgari,Bvlgari Man In Black Set,1 items,€91.90
https://cdn.heinemann-shop.com/images/hf0/hdc/9451886477342.jpg,Bvlgari,Bvlgari Omnia Coral Set,1 items,€69.90
https://cdn.heinemann-shop.com/images/h46/had/9489013342238.jpg,Bvlgari,Bvlgari Man In Black Set,1 items,€91.90
https://cdn.heinemann-shop.com/images/h01/hc7/9402548191262.jpg,Bvlgari,"BVLGARI, Dolcevita, women's sunglasses",,€319.90
https://cdn.heinemann-shop.com/images/h13/hc4/9402547929118.jpg,Bvlgari,"BVLGARI, Magnifica, women's sunglasses",,€335.90
https://cdn.heinemann-shop.com/images/had/h72/9402548846622.jpg,Bvlgari,"BVLGARI, Dolcevita, women's sunglasses",,€289.90
https://cdn.heinemann-shop.com/images/h64/h61/9402546946078.jpg,Bvlgari,"BVLGARI, Condotti, women's sunglasses",,€275.90
https://cdn.heinemann-shop.com/images/ha1/h14/9402546257950.jpg,Bvlgari,"BVLGARI, Dolcevita, women's sunglasses",,€289.90
https://cdn.heinemann-shop.com/images/h1a/he0/9402546716702.jpg,Bvlgari,"BVLGARI, Dolcevita, women's sunglasses",,€309.90
https://cdn.heinemann-shop.com/images/he4/haf/9401665126430.jpg,Bvlgari,Bvlgari Splendida Patchouli Tentation Eau de Parfum 100 ml,100 ml (€115.90 / 100 ml),from €115.90
https://cdn.heinemann-shop.com/images/h54/h70/9380565975070.jpg,Jean Paul Gaultier,Jean Paul Gaultier Le Mâle Eau de Toilette 125 ml,125 ml (€61.52 / 100 ml),from €76.90
https://cdn.heinemann-shop.com/images/hf1/hbd/9495953637406.jpg,Jean Paul Gaultier,Jean Paul Gaultier Classique Eau de Parfum 100 ml,100 ml (€93.90 / 100 ml),from €93.90
https://cdn.heinemann-shop.com/images/h33/h9f/9379390881822.jpg,Jean Paul Gaultier,Jean Paul Gaultier Scandal by Night Eau de Parfum 50 ml,50 ml (€155.80 / 100 ml),from €77.90
https://cdn.heinemann-shop.com/images/hb2/h17/9379403300894.jpg,Jean Paul Gaultier,Jean Paul Gaultier Scandal by Night Eau de Parfum 80 ml,80 ml (€121.12 / 100 ml),from €96.90
https://cdn.heinemann-shop.com/images/h96/h0b/9456857251870.jpg,Jean Paul Gaultier,Jean Paul Gaultier Classique Eau de Parfum 50 ml,50 ml (€137.80 / 100 ml),from €68.90
https://cdn.heinemann-shop.com/images/h47/h81/9380907909150.jpg,Jean Paul Gaultier,"Jean Paul Gaultier ""Le Mâle"" Eau de Toilette 200 ml",200 ml (€39.95 / 100 ml),from €79.90
https://cdn.heinemann-shop.com/images/hf5/hcd/9478821773342.jpg,Jean Paul Gaultier,Jean Paul Gaultier Classique Eau de Parfum 100 ml,100 ml (€97.90 / 100 ml),from €97.90
https://cdn.heinemann-shop.com/images/he4/h91/9380866916382.jpg,Jean Paul Gaultier,Jean Paul Gaultier Le Male Deodorant Stick 75 g,75 g (€32.67 / 100 g),from €24.50
https://cdn.heinemann-shop.com/images/h49/h95/9379009134622.jpg,Jean Paul Gaultier,Jean Paul Gaultier Ultra Male Eau de Toilette 125 ml,125 ml (€65.52 / 100 ml),from €81.90
https://cdn.heinemann-shop.com/images/hd5/hdc/9380820615198.jpg,Jean Paul Gaultier,Jean Paul Gaultier Classique Eau de Toilette 50 ml,50 ml (€125.80 / 100 ml),from €62.90
https://cdn.heinemann-shop.com/images/h12/h4e/9478822002718.jpg,Jean Paul Gaultier,Jean Paul Gaultier Scandal Eau de Parfum 80 ml,80 ml (€108.62 / 100 ml),from €86.90
https://cdn.heinemann-shop.com/images/h1a/h9f/9379347038238.jpg,Jean Paul Gaultier,Jean Paul Gaultier Scandal Eau de Parfum 50 ml,50 ml (€137.80 / 100 ml),from €68.90
https://cdn.heinemann-shop.com/images/ha3/h70/9378896216094.jpg,Jean Paul Gaultier,Jean-Paul Gaultier Le Mâle in the Navy Eau de Toilette 125 ml,125 ml (€61.52 / 100 ml),from €76.90
https://cdn.heinemann-shop.com/images/hc6/h12/9378848440350.jpg,Jean Paul Gaultier,Jean-Paul Gaultier Scandal A Paris Eau de Toilette 80 ml,80 ml (€97.38 / 100 ml),from €77.90
https://cdn.heinemann-shop.com/images/h05/h2f/9378987606046.jpg,Jean Paul Gaultier,Jean Paul Gaultier Le Beau Eau de Toilette 125 ml,125 ml (€65.52 / 100 ml),from €81.90
https://cdn.heinemann-shop.com/images/h9a/h51/9378997501982.jpg,Jean Paul Gaultier,Jean Paul Gaultier Classique La Belle Eau de Parfum 50 ml,50 ml (€137.80 / 100 ml),from €68.90
https://cdn.heinemann-shop.com/images/h0e/he7/9380760911902.jpg,Jean Paul Gaultier,Jean Paul Gaultier Classique Eau de Toilette 100 ml,100 ml (€87.90 / 100 ml),from €87.90
https://cdn.heinemann-shop.com/images/hed/heb/9380642488350.jpg,Jean Paul Gaultier,Jean Paul Gaultier Le Mâle Eau de Toilette 75 ml,75 ml (€75.87 / 100 ml),from €56.90
https://cdn.heinemann-shop.com/images/h70/hef/9515089526814.jpg,Jean Paul Gaultier,Jean Paul Gaultier Le Male Christmas Set,1 items,€76.90
https://cdn.heinemann-shop.com/images/hdc/h09/9379237429278.jpg,Jean Paul Gaultier,Jean Paul Gaultier Classique La Belle Eau de Parfum 100 ml,100 ml (€93.90 / 100 ml),from €93.90
https://cdn.heinemann-shop.com/images/hb4/h86/9408539820062.jpg,Jean Paul Gaultier,Jean Paul Gaultier Airlines Classique Eau de Parfum 50 ml,50 ml (€115.80 / 100 ml),from €57.90
https://cdn.heinemann-shop.com/images/h6c/h1b/9378870755358.jpg,Jean Paul Gaultier,Jean Paul Gaultier Ultra Male Eau de Toilette 75 ml,75 ml (€78.53 / 100 ml),from €58.90
https://cdn.heinemann-shop.com/images/h27/h66/9408539361310.jpg,Jean Paul Gaultier,Jean Paul Gaultier Airlines Le Male Eau de Parfum 75 ml,75 ml (€65.20 / 100 ml),from €48.90
https://cdn.heinemann-shop.com/images/h07/hfe/9486411595806.jpg,Jean Paul Gaultier,Jean Paul Gaultier Le Male Eau de Pafum 125 ml,125 ml (€67.92 / 100 ml),from €84.90
https://cdn.heinemann-shop.com/images/hb7/h2d/9486411825182.jpg,Jean Paul Gaultier,Jean Paul Gaultier Le Male Eau de Parfum 75 ml,75 ml (€82.53 / 100 ml),from €61.90
https://cdn.heinemann-shop.com/images/ha6/h7c/9402555203614.jpg,Jean Paul Gaultier,Jean Paul Gaultier Le Beau Eau de Toilette 75 ml,75 ml (€78.53 / 100 ml),from €58.90
https://cdn.heinemann-shop.com/images/h66/he7/9380710744094.jpg,Jean Paul Gaultier,"Jean Paul Gaultier ""Le Mâle"" After Shave Lotion 125 ml",125 ml (€43.12 / 100 ml),from €53.90
https://cdn.heinemann-shop.com/images/h30/hfb/9380578459678.jpg,Jean Paul Gaultier,Jean Paul Gaultier Le Mâle Deodorant Spray 150 ml,150 ml (€18.33 / 100 ml),from €27.50
https://cdn.heinemann-shop.com/images/hc2/hc1/9327935389726.jpg,Jean Paul Gaultier,Jean Paul Gaultier Le Beau Mâle Eau de Toilette 75 ml,75 ml (€53.20 / 100 ml),€39.90
https://cdn.heinemann-shop.com/images/h59/h69/9478821543966.jpg,Jean Paul Gaultier,Jean Paul Gaultier Classique Eau de Parfum 50 ml,50 ml (€139.80 / 100 ml),from €69.90
https://cdn.heinemann-shop.com/images/hf6/h11/9437035855902.jpg,Jean Paul Gaultier,Jean Paul Gaultier Le Male Essence de Parfum 75 ml,75 ml (€78.53 / 100 ml),€58.90
https://cdn.heinemann-shop.com/images/h35/h6e/9378944942110.jpg,Jean Paul Gaultier,Jean Paul Gaultier Le Male Essence de Parfum 125 ml,125 ml (€66.32 / 100 ml),from €82.90
https://cdn.heinemann-shop.com/images/h49/h97/9437057581086.jpg,Jean Paul Gaultier,Jean Paul Gaultier Le Male Eau de Toilette 125 ml,125 ml (€63.12 / 100 ml),€78.90
https://cdn.heinemann-shop.com/images/h54/hed/9378766684190.jpg,Jean Paul Gaultier,Jean Paul Gaultier Coffret,1 items,from €45.90
https://cdn.heinemann-shop.com/images/ha9/ha4/9378750693406.jpg,Jean Paul Gaultier,Jean Paul Gaultier Classique Set,1 items,€84.90
https://cdn.heinemann-shop.com/images/h5c/hf9/9437021863966.jpg,Jean Paul Gaultier,Jean Paul Gaultier Le Male Airlines Eau de Toilette 75 ml,75 ml (€66.53 / 100 ml),€49.90
https://cdn.heinemann-shop.com/images/h8e/h20/9363747667998.jpg,Jean Paul Gaultier,Jean Paul Gaultier Classique Airlines Eau de Toilette 50 ml,50 ml (€111.80 / 100 ml),€55.90
https://cdn.heinemann-shop.com/images/h29/h16/9330517049374.jpg,Jean Paul Gaultier,Jean Paul Gaultier Le Male Collector Eau de Toilette 125 ml,125 ml (€39.92 / 100 ml),€49.90
https://cdn.heinemann-shop.com/images/h4e/h76/9437041721374.jpg,Jean Paul Gaultier,Jean Paul Gaultier Classique Collector Eau de Toilette 100 ml,100 ml (€59.90 / 100 ml),€59.90
https://cdn.heinemann-shop.com/images/hb2/hec/9380987437086.jpg,Paco Rabanne,Paco Rabanne Ultraviolet Eau de Parfum 50 ml,50 ml (€79.80 / 100 ml),€39.90
https://cdn.heinemann-shop.com/images/h86/h12/9378840313886.jpg,Paco Rabanne,Paco Rabanne Invictus Deodorant Stick 75 ml,75 ml (€33.20 / 100 ml),from €24.90
https://cdn.heinemann-shop.com/images/h61/hdb/9378829369374.jpg,Paco Rabanne,Paco Rabanne Invictus Deodorant 150 ml,150 ml (€18.60 / 100 ml),€27.90
https://cdn.heinemann-shop.com/images/he1/h9a/9378612674590.jpg,Paco Rabanne,Paco Rabanne 1 Million Privé Eau de Parfum 50 ml,50 ml (€123.80 / 100 ml),€61.90
https://cdn.heinemann-shop.com/images/h31/h94/9397716680734.jpg,Paco Rabanne,Paco Rabanne Lady Million Privé Eau de Parfum 80 ml,80 ml (€117.38 / 100 ml),€93.90
https://cdn.heinemann-shop.com/images/h9d/h4d/9492393164830.jpg,Paco Rabanne,Paco Rabanne Olympea Intense Eau de Parfum 80 ml,80 ml (€119.88 / 100 ml),€95.90
https://cdn.heinemann-shop.com/images/h7a/h22/9521449959454.jpg,Paco Rabanne,Paco Rabanne Invictus Intense Eau de Toilette 50 ml,50 ml (€79.80 / 100 ml),from €39.90
https://cdn.heinemann-shop.com/images/h0b/h27/9397716385822.jpg,Paco Rabanne,Paco Rabanne Lady Million Privé Eau de Parfum 50 ml,50 ml (€147.80 / 100 ml),€73.90
https://cdn.heinemann-shop.com/images/h65/hbe/9499953332254.jpg,Paco Rabanne,Paco Rabanne Pure XS Eau de Toilette 50 ml,50 ml (€79.80 / 100 ml),from €39.90
https://cdn.heinemann-shop.com/images/hc4/h5f/9378833170462.jpg,Paco Rabanne,Paco Rabanne Invictus Intense Eau de Toilette 100 ml,100 ml (€82.90 / 100 ml),from €82.90
https://cdn.heinemann-shop.com/images/h6f/hfe/9427407601694.jpg,Paco Rabanne,Paco Rabanne Lady Million Eau de Parfum 80 ml,80 ml (€74.88 / 100 ml),from €59.90
https://cdn.heinemann-shop.com/images/hb9/h47/9378544156702.jpg,Paco Rabanne,Paco Rabanne Pure XS Deodorant Stick 75 ml,75 ml (€33.20 / 100 ml),€24.90
https://cdn.heinemann-shop.com/images/h44/h57/9492392869918.jpg,Paco Rabanne,Paco Rabanne Olympea Aqua Eau de Toilette 50 ml,50 ml (€137.80 / 100 ml),€68.90
https://cdn.heinemann-shop.com/images/h79/h33/9521452351518.jpg,Paco Rabanne,Paco Rabanne Olympea Intense Eau de Parfum 50 ml,50 ml (€79.80 / 100 ml),from €39.90
https://cdn.heinemann-shop.com/images/hfd/h0a/9378883600414.jpg,Paco Rabanne,Paco Rabanne Black XS Homme Eau de Toilette 50 ml,50 ml (€113.80 / 100 ml),€56.90
https://cdn.heinemann-shop.com/images/h7f/h0f/9378874556446.jpg,Paco Rabanne,Paco Rabanne Black XS Homme Eau de Toilette 100 ml,100 ml (€76.90 / 100 ml),€76.90
https://cdn.heinemann-shop.com/images/hdf/h18/9379280715806.jpg,Paco Rabanne,Paco Rabanne 1 Million Lucky Eau de Toilette 100 ml,100 ml (€76.90 / 100 ml),€76.90
https://cdn.heinemann-shop.com/images/h36/hc2/9379290152990.jpg,Paco Rabanne,Paco Rabanne 1 Million Lucky Eau de Toilette 50 ml,50 ml (€113.80 / 100 ml),€56.90
https://cdn.heinemann-shop.com/images/hda/hb7/9492393852958.jpg,Paco Rabanne,Paco Rabanne Lady Million Lucky Eau de Parfum 80 ml,80 ml (€109.88 / 100 ml),€87.90
https://cdn.heinemann-shop.com/images/h3f/h9f/9492393623582.jpg,Paco Rabanne,Paco Rabanne Black XS for Her Eau de Parfum 80 ml,80 ml (€109.88 / 100 ml),€87.90
https://cdn.heinemann-shop.com/images/h03/h64/9477659525150.jpg,Paco Rabanne,Paco Rabanne Olympea Eau de Parfum 50 ml,50 ml (€137.80 / 100 ml),from €68.90
https://cdn.heinemann-shop.com/images/h67/h6b/9492394082334.jpg,Paco Rabanne,Paco Rabanne Lady Million Lucky Eau de Parfum 50 ml,50 ml (€137.80 / 100 ml),€68.90
https://cdn.heinemann-shop.com/images/h6c/he8/9378893168670.jpg,Paco Rabanne,Paco Rabanne XS Excess pour Homme Eau de Toilette 100 ml,100 ml (€76.90 / 100 ml),€76.90
https://cdn.heinemann-shop.com/images/h93/hdc/9378776121374.jpg,Paco Rabanne,Paco Rabanne Pure XS For Her Eau de Parfum 80 ml,80 ml (€111.12 / 100 ml),from €88.90
https://cdn.heinemann-shop.com/images/h11/h42/9378867707934.jpg,Paco Rabanne,Paco Rabanne Pure XS Night Eau de Parfum 100 ml,100 ml (€82.90 / 100 ml),€82.90
https://cdn.heinemann-shop.com/images/h11/hdf/9379144990750.jpg,Paco Rabanne,Paco Rabanne Olympéa Legend Eau de Parfum 50 ml,50 ml (€137.80 / 100 ml),from €68.90
https://cdn.heinemann-shop.com/images/h24/h49/9379112026142.jpg,Paco Rabanne,Paco Rabanne Olympéa Olympéa Legend Eau de Parfum 80 ml,80 ml (€109.88 / 100 ml),from €87.90
https://cdn.heinemann-shop.com/images/hbf/hef/9378868166686.jpg,Paco Rabanne,Paco Rabanne Lady Million Set cont.: Eau de Parfum 80 ml ( GH 447828) + Travel Spray 20 ml (for free),1 items,from €88.90
https://cdn.heinemann-shop.com/images/ha6/h56/9380885004318.jpg,Paco Rabanne,Paco Rabanne Lady Million Empire Eau de Parfum 50 ml,50 ml (€137.80 / 100 ml),from €68.90
https://cdn.heinemann-shop.com/images/hed/ha1/9474892365854.jpg,Paco Rabanne,Paco Rabanne 1 Million Set 175 ml,1 items,€76.90
https://cdn.heinemann-shop.com/images/h2d/h46/9494634790942.jpg,Paco Rabanne,Paco Rabanne 1 Million Eau de Toilette 100 ml,100 ml (€54.90 / 100 ml),from €54.90
https://cdn.heinemann-shop.com/images/hd2/h99/9477639077918.jpg,Paco Rabanne,Paco Rabanne 1 Million Eau de Toilette 50 ml,50 ml (€113.80 / 100 ml),from €56.90
https://cdn.heinemann-shop.com/images/h70/h81/9380960698398.jpg,Paco Rabanne,Paco Rabanne Lady Million Eau de Parfum 50 ml,50 ml (€139.80 / 100 ml),from €69.90
https://cdn.heinemann-shop.com/images/he6/h08/9380837097502.jpg,Paco Rabanne,Paco Rabanne Paco Eau de Toilette 100 ml,100 ml (€19.90 / 100 ml),from €19.90
https://cdn.heinemann-shop.com/images/ha2/h43/9380568793118.jpg,Paco Rabanne,Paco Rabanne 1 Million Deodorant 150 ml,150 ml (€17.67 / 100 ml),from €26.50
https://cdn.heinemann-shop.com/images/hc1/h8c/9515088543774.jpg,Paco Rabanne,Paco Rabanne 1 Million Christmas Set,1 items,€76.90
https://cdn.heinemann-shop.com/images/h73/ha8/9515087495198.jpg,Paco Rabanne,Paco Rabanne Invictus Christmas Set,1 items,€76.90
https://cdn.heinemann-shop.com/images/hc9/h7b/9515087233054.jpg,Paco Rabanne,Paco Rabanne Lady Million Christmas Set,1 items,€88.90
https://cdn.heinemann-shop.com/images/h6a/he2/9477649924126.jpg,Paco Rabanne,Paco Rabanne Olympéa Eau de Parfum 80 ml,80 ml (€109.88 / 100 ml),from €87.90
https://cdn.heinemann-shop.com/images/h75/hd3/9397715730462.jpg,Paco Rabanne,Paco Rabanne 1 Million After Shave 100 ml,100 ml (€51.90 / 100 ml),€51.90
https://cdn.heinemann-shop.com/images/h1c/h5b/9380616306718.jpg,Paco Rabanne,Paco Rabanne 1 Million Deodorant Stick 75 g,75 g (€33.20 / 100 g),from €24.90
https://cdn.heinemann-shop.com/images/h13/ha6/9378737455134.jpg,Paco Rabanne,Paco Rabanne Invictus Eau de Toilette 150 ml,150 ml (€63.93 / 100 ml),from €95.90
https://cdn.heinemann-shop.com/images/he9/h40/9378796044318.jpg,Paco Rabanne,Paco Rabanne Invictus Eau de Toilette 100 ml,100 ml (€76.90 / 100 ml),from €76.90
https://cdn.heinemann-shop.com/images/hb5/h36/9378803679262.jpg,Paco Rabanne,Paco Rabanne Invictus Eau de Toilette 50 ml,50 ml (€113.80 / 100 ml),from €56.90
https://cdn.heinemann-shop.com/images/h51/h92/9379276914718.jpg,Paco Rabanne,Paco Rabanne Ultraviolet Man Eau de Toilette 50 ml,50 ml (€59.80 / 100 ml),€29.90
https://cdn.heinemann-shop.com/images/hf0/hfa/9380926423070.jpg,Paco Rabanne,Paco Rabanne 1 Million Eau de Toilette 200 ml,200 ml (€39.95 / 100 ml),from €79.90
https://cdn.heinemann-shop.com/images/h6e/h6e/9378621063198.jpg,Paco Rabanne,Paco Rabanne 1 Million Privé Eau de Parfum 100 ml,100 ml (€82.90 / 100 ml),from €82.90
https://cdn.heinemann-shop.com/images/h7f/h74/9378982133790.jpg,Paco Rabanne,Paco Rabanne Pure XS Eau de Toilette 100 ml,100 ml (€76.90 / 100 ml),from €76.90
https://cdn.heinemann-shop.com/images/hd7/hed/9480268546078.jpg,Paco Rabanne,Paco Rabanne Invictus Aqua Eau de Toilette 100 ml,100 ml (€76.90 / 100 ml),from €76.90
https://cdn.heinemann-shop.com/images/he9/h78/9499953102878.jpg,Paco Rabanne,Paco Rabanne Pure XS For Her Eau de Parfum 50 ml,50 ml (€79.80 / 100 ml),from €39.90
https://cdn.heinemann-shop.com/images/h64/h1b/9379121201182.jpg,Paco Rabanne,Paco Rabanne Invictus Legend Eau de Parfum 50 ml,50 ml (€123.80 / 100 ml),from €61.90
https://cdn.heinemann-shop.com/images/h4d/hb1/9379133456414.jpg,Paco Rabanne,Paco Rabanne Invictus Legend Eau de Parfum 100 ml,100 ml (€82.90 / 100 ml),from €82.90
https://cdn.heinemann-shop.com/images/h3a/hb7/9378859417630.jpg,Paco Rabanne,Paco Rabanne 1 Million Set 120 ml,1 items,from €76.90
https://cdn.heinemann-shop.com/images/h00/hbf/9379006251038.jpg,Paco Rabanne,Paco Rabanne Coffret Coffret cont.: 1 Million Edt 5 ml + 1 Million Lucky 5 ml + Invictus 5 ml + Invictus Aqua 5 ml + Pure XS 6 ml,1 items,from €45.90
https://cdn.heinemann-shop.com/images/h83/h5b/9456841719838.jpg,Paco Rabanne,Paco Rabanne Pour Homme Eau de Toilette 200 ml,200 ml (€39.95 / 100 ml),€79.90
https://cdn.heinemann-shop.com/images/h5d/h38/9378663497758.jpg,Paco Rabanne,Paco Rabanne Olympéa Deodorant 150 ml,150 ml (€16.60 / 100 ml),€24.90
https://cdn.heinemann-shop.com/images/hb1/h4d/9380732272670.jpg,Paco Rabanne,Paco Rabanne Lady Million Deodorant 150 ml,150 ml (€17.00 / 100 ml),€25.50
https://cdn.heinemann-shop.com/images/h96/h3e/9437031399454.jpg,Paco Rabanne,Paco Rabanne Invictus Set,1 items,€74.90
https://cdn.heinemann-shop.com/images/hcb/hca/9377671348254.jpg,Paco Rabanne,Paco Rabanne Pure XS Eau de Toilette 150 ml,150 ml (€63.93 / 100 ml),€95.90
https://cdn.heinemann-shop.com/images/ha5/h94/9437006200862.jpg,Paco Rabanne,Paco Rabanne Invictus Set 120 ml,1 items,€76.90
https://cdn.heinemann-shop.com/images/h0c/h1b/9380529831966.jpg,Paco Rabanne,Paco Rabanne Pure XS Set cont.: Eau de Toilette 100 ml (GH 1249258) + Travel Spray 20 ml (for free),1 items,€76.90
https://cdn.heinemann-shop.com/images/h7f/h12/9380523343902.jpg,Paco Rabanne,Paco Rabanne Olympea Set,1 items,from €87.90
https://cdn.heinemann-shop.com/images/h84/hac/9515080613918.jpg,Paco Rabanne,Paco Rabanne Olympea Set,1 items,€59.90
https://cdn.heinemann-shop.com/images/h6b/h0e/9437021175838.jpg,Paco Rabanne,Paco Rabanne Invictus Set 175 ml,1 items,€76.90
https://cdn.heinemann-shop.com/images/h48/h24/9380777721886.jpg,Elizabeth Arden,"Elizabeth Arden Eight Hour Lipcare Stick, Sheer Tint SPF 15_Honey No.01",3.7 g (€554.05 / 100 g),from €20.50
https://cdn.heinemann-shop.com/images/h06/hbc/9381006213150.jpg,Elizabeth Arden,"Elizabeth Arden Eight Hour Cream Sun Defense for Face SPF 50 Sunscreen, 50 ml",50 ml (€47.00 / 100 ml),from €23.50
https://cdn.heinemann-shop.com/images/h9d/h88/9380892114974.jpg,Elizabeth Arden,"Elizabeth Arden Cream Intensive Daily Moisturizer for Face SPF 15, 50 ml",50 ml (€59.80 / 100 ml),from €29.90
https://cdn.heinemann-shop.com/images/hcf/hbe/9380836114462.jpg,Elizabeth Arden,"Elizabeth Arden Eight Hour Lipcare Stick, Sheer Tint SPF 15_Blush No.02",3.7 g (€554.05 / 100 g),from €20.50
https://cdn.heinemann-shop.com/images/hf8/h29/9353885876254.jpg,Elizabeth Arden,Elizabeth Arden Green Tea Bamboo Eau de Toilette 100 ml,100 ml,€16.30
https://cdn.heinemann-shop.com/images/h9e/hee/9428375699486.jpg,Elizabeth Arden,Elizabeth Arden White Tea Deodorant Cream 40 ml,40 ml (€35.75 / 100 ml),from €14.30
https://cdn.heinemann-shop.com/images/hf8/h5e/9428376453150.jpg,Elizabeth Arden,Elizabeth Arden White Tea Pure Indulgence Body Cream 400 ml,400 ml (€52.25 / 1000 ml),from €20.90
https://cdn.heinemann-shop.com/images/h80/h01/9380811538462.jpg,Elizabeth Arden,Elizabeth Arden Eight Hour Skin Protectant 50 ml,50 ml (€55.80 / 100 ml),from €27.90
https://cdn.heinemann-shop.com/images/h82/had/9380944773150.jpg,Elizabeth Arden,"Elizabeth Arden Eight Hour Lipcare Stick, Sheer Tint SPF 15_Plum No.04",3.7 g (€554.05 / 100 g),from €20.50
https://cdn.heinemann-shop.com/images/h58/ha6/9380933304350.jpg,Elizabeth Arden,Elizabeth Arden Eight Hour Face Care Set 95 ml,1 items,€49.90
https://cdn.heinemann-shop.com/images/h09/h08/9380622991390.jpg,Elizabeth Arden,Elizabeth Arden Green Tea Honey Drops Body Cream 500 ml,500 ml (€39.80 / 1000 ml),from €19.90
https://cdn.heinemann-shop.com/images/h27/h97/9399714775070.jpg,Elizabeth Arden,Elizabeth Arden Green Tea Cream Deodorant 40 ml,40 ml (€35.75 / 100 ml),from €14.30
https://cdn.heinemann-shop.com/images/hb0/h7e/9380559749150.jpg,Elizabeth Arden,"Elizabeth Arden Eight Hour Lipcare Stick, Sheer Tint SPF 15_Berry No.05",3.7 g (€554.05 / 100 g),from €20.50
https://cdn.heinemann-shop.com/images/h5e/h30/8932544348190.jpg,Elizabeth Arden,Elizabeth Arden Flawless Finish Mousse Make-up N° 07 Terra 50 ml,50 ml,€32.90
https://cdn.heinemann-shop.com/images/h8a/h74/9380806557726.jpg,Elizabeth Arden,"Elizabeth Arden Eight Hour Cream Targeted Sun Defense Stick SPF 50 Sunscreen, 9 ml",6.8 g (€269.12 / 100 g),from €18.30
https://cdn.heinemann-shop.com/images/hd5/he6/9327623995422.jpg,Elizabeth Arden,Elizabeth Arden Prevage Prevage Clinical Lash + Brow Engancing Serum,"4 ml (€1,972.50 / 100 ml)",from €78.90
https://cdn.heinemann-shop.com/images/h79/h70/9378634530846.jpg,Elizabeth Arden,Elizabeth Arden Eight Hour Cream Intensive Lip Repair Balm 15 ml,11.6 ml (€176.72 / 100 ml),from €20.50
https://cdn.heinemann-shop.com/images/h5c/h80/9476060151838.jpg,Elizabeth Arden,Elizabeth Arden 8-Hour Lip Protectant Tin 1,13 ml (€65.38 / 100 ml),from €8.50
https://cdn.heinemann-shop.com/images/h7f/h40/9378675523614.jpg,Elizabeth Arden,Elizabeth Arden Eight Hour Lip Tints Trio,1 items,from €41.90
https://cdn.heinemann-shop.com/images/haf/hde/9378729164830.jpg,Elizabeth Arden,Elizabeth Arden 8-Hour Lip Protectant Stick SPF 15 Trio,1 items,from €41.90
https://cdn.heinemann-shop.com/images/he8/haf/9378804891678.jpg,Elizabeth Arden,Elizabeth Arden Eight Hour Survival Set,1 items,€29.90
https://cdn.heinemann-shop.com/images/hb6/h75/9379177922590.jpg,Elizabeth Arden,Elizabeth Arden Green Tea Nectarine Eau de Toilette 100 ml,100 ml (€19.90 / 100 ml),from €19.90
https://cdn.heinemann-shop.com/images/heb/h55/9329566908446.jpg,Elizabeth Arden,Elizabeth Arden Prevage City Smart SPF 50 Lotion 40 ml,40 ml (€139.75 / 100 ml),from €55.90
https://cdn.heinemann-shop.com/images/hb0/hf7/9378980298782.jpg,Elizabeth Arden,Elizabeth Arden Visible Difference Body Lotion 300 ml,300 ml (€71.67 / 1000 ml),from €21.50
https://cdn.heinemann-shop.com/images/h4d/hf9/9379254403102.jpg,Elizabeth Arden,Elizabeth Arden Visible Difference Facial Care Duo Set,1 items,from €36.90
https://cdn.heinemann-shop.com/images/h9c/h0e/9378748268574.jpg,Elizabeth Arden,Elizabeth Arden Visible Difference Refining Moisture Cream Complex 100 ml,97 ml (€20.52 / 100 ml),from €19.90
https://cdn.heinemann-shop.com/images/h42/h82/9331372785694.jpg,Elizabeth Arden,Elizabeth Arden Prevage Anti-Aging Eye Serum 20 ml,20 ml (€364.50 / 100 ml),from €72.90
https://cdn.heinemann-shop.com/images/h62/h5c/9378642133022.jpg,Elizabeth Arden,Elizabeth Arden 8-Hour Miracle Hydrating Mist 100 ml,100 ml (€20.90 / 100 ml),from €20.90
https://cdn.heinemann-shop.com/images/h7e/hfa/9378685714462.jpg,Elizabeth Arden,Elizabeth Arden Green Tea Deodorant Trio Set,1 items,from €38.90
https://cdn.heinemann-shop.com/images/h43/h1e/9378700492830.jpg,Elizabeth Arden,Elizabeth Arden Green Tea Set,1 items,€26.50
https://cdn.heinemann-shop.com/images/h83/hf2/9104692707358.jpg,Elizabeth Arden,Elizabeth Arden White Tea Eau de Toilette 50 ml,50 ml (€53.80 / 100 ml),€26.90
https://cdn.heinemann-shop.com/images/h49/h01/9378772090910.jpg,Elizabeth Arden,Elizabeth Arden White Tea Eau de Toilette 100 ml,100 ml (€39.90 / 100 ml),from €39.90
https://cdn.heinemann-shop.com/images/ha0/h53/9379100393502.jpg,Elizabeth Arden,Elizabeth Arden Eight Hour Intensive Moisturizing Hand Treatment 30 ml,30 ml (€27.67 / 100 ml),from €8.30
https://cdn.heinemann-shop.com/images/h06/hf0/9380622467102.jpg,Elizabeth Arden,Elizabeth Arden Eight Hour Cream Lipcare Stick SPF 15,3.7 g (€554.05 / 100 g),from €20.50
https://cdn.heinemann-shop.com/images/h4c/h40/9380970463262.jpg,Elizabeth Arden,"Elizabeth Arden Ceramide Lift & Firm Day Cream SPF 30, 50 ml",50 ml (€145.80 / 100 ml),from €72.90
https://cdn.heinemann-shop.com/images/hdf/h99/9380695605278.jpg,Elizabeth Arden,Elizabeth Arden Sunflowers Eau de Toilette 100 ml,100 ml (€19.90 / 100 ml),from €19.90
https://cdn.heinemann-shop.com/images/h5f/h30/9503946539038.jpg,Elizabeth Arden,Elizabeth Arden Basic Skincare Good Night's Sleep Restoring Cream 50 ml,50 ml (€39.80 / 100 ml),from €19.90
https://cdn.heinemann-shop.com/images/h23/h83/9381026988062.jpg,Elizabeth Arden,Elizabeth Arden Eight Hour Intensive Hand Moisturizing Hand Treatment 75 ml,75 ml (€29.20 / 100 ml),from €21.90
https://cdn.heinemann-shop.com/images/hc9/hd3/9380575576094.jpg,Elizabeth Arden,Elizabeth Arden 5th Avenue Eau de Parfum 125 ml,125 ml (€23.92 / 100 ml),from €29.90
https://cdn.heinemann-shop.com/images/h59/h4c/9380931174430.jpg,Elizabeth Arden,Elizabeth Arden Green Tea Duo Set,1 items,from €18.70
https://cdn.heinemann-shop.com/images/haa/h6f/8935355645982.jpg,Elizabeth Arden,Elizabeth Arden Lasting Impression Mascara N° 01 Black,8.5 ml (€281.18 / 100 ml),€23.90
https://cdn.heinemann-shop.com/images/h87/hf6/9380765728798.jpg,Elizabeth Arden,Elizabeth Arden Eight Hour Travelers Set,1 items,from €39.90
https://cdn.heinemann-shop.com/images/h23/hff/9380663918622.jpg,Elizabeth Arden,"Elizabeth Arden Ceramide Lift & Frim Eye Cream SPF 15, 15 ml",15 ml (€346.00 / 100 ml),from €51.90
https://cdn.heinemann-shop.com/images/hd4/h53/9399722147870.jpg,Elizabeth Arden,"Elizabeth Arden Ceramide Lift & Firm Night Cream, 50 ml",50 ml (€147.80 / 100 ml),from €73.90
https://cdn.heinemann-shop.com/images/h89/h8d/9380703272990.jpg,Elizabeth Arden,Elizabeth Arden Red Door Eau de Toilette 50 ml,50 ml (€97.80 / 100 ml),from €48.90
https://cdn.heinemann-shop.com/images/h4d/h3a/9515087724574.jpg,Elizabeth Arden,Elizabeth Arden Prevage Prevage Day Intensive Anti-Aging Moisture Cream SPF30 50 ml,50 ml (€235.80 / 100 ml),from €117.90
https://cdn.heinemann-shop.com/images/h8b/h1e/9503946997790.jpg,Elizabeth Arden,Elizabeth Arden 8-Hour Eight Hour Cream Fragrance Free 50 ml,50 ml (€55.80 / 100 ml),from €27.90
https://cdn.heinemann-shop.com/images/hf1/h4a/9331368787998.jpg,Elizabeth Arden,Elizabeth Arden Prevage Anti-Aging Overnight Cream 50 ml,50 ml (€239.80 / 100 ml),from €119.90
https://cdn.heinemann-shop.com/images/hc3/h48/9331459457054.jpg,Elizabeth Arden,"Elizabeth Arden Prevage Anti-Aging Daily Serum, 50 ml",50 ml (€275.80 / 100 ml),from €137.90
https://cdn.heinemann-shop.com/images/h3b/h6f/9378788966430.jpg,Elizabeth Arden,Elizabeth Arden Eight Hour All-Over Miracle Oil 100 ml,100 ml (€24.50 / 100 ml),from €24.50
https://cdn.heinemann-shop.com/images/hcc/h71/9378969649182.jpg,Elizabeth Arden,Elizabeth Arden Ceramide Skincare Trio Set,1 items,from €79.90
https://cdn.heinemann-shop.com/images/hbd/hc6/9378491957278.jpg,Elizabeth Arden,Elizabeth Arden Visible Difference Set,1 items,from €36.90
https://cdn.heinemann-shop.com/images/he9/hd1/9411367043102.jpg,Elizabeth Arden,Elizabeth Arden Moisture Rich Ceramide Lipstick Set,1 items,€44.90
https://cdn.heinemann-shop.com/images/hb9/h21/9378679095326.jpg,Elizabeth Arden,Elizabeth Arden Ceramide Set,1 items,from €65.90
https://cdn.heinemann-shop.com/images/hc7/h75/9378672705566.jpg,Elizabeth Arden,Elizbeth Arden Ceramide Eye Care Set,1 items,from €75.90
https://cdn.heinemann-shop.com/images/h06/hb1/9329870798878.jpg,Elizabeth Arden,Elizabeth Arden Prevage Set,1 items,from €137.90
https://cdn.heinemann-shop.com/images/h14/h70/9379313090590.jpg,Elizabeth Arden,Elizabeth Arden Visible Difference Replenishing HydraGel Complex 100 ml,100 ml (€19.90 / 100 ml),from €19.90
https://cdn.heinemann-shop.com/images/h89/h34/9378697216030.jpg,Elizabeth Arden,Elizabeth Arden Advanced Ceramide Youth Restoring Heroes Set,1 items,from €69.90
https://cdn.heinemann-shop.com/images/h68/h04/9378809151518.jpg,Elizabeth Arden,Elizabeth Arden My 5th Avenue Eau de Parfum Spray 50 ml,50 ml (€79.80 / 100 ml),from €39.90
https://cdn.heinemann-shop.com/images/h2b/h04/9379290382366.jpg,Elizabeth Arden,Elizabeth Arden Beautiful Journey Travel Essentials Set,1 items,from €47.90
https://cdn.heinemann-shop.com/images/h9b/hae/9378894544926.jpg,Elizabeth Arden,Elizabeth Arden Red Door Set,1 items,from €65.90
https://cdn.heinemann-shop.com/images/h37/h3b/9105674600478.jpg,Elizabeth Arden,Elizabeth Arden 8-Hour Body Care Set,1 items,€39.90
https://cdn.heinemann-shop.com/images/hfc/h3d/9379290677278.jpg,Elizabeth Arden,Elizabeth Arden Eight Hour Set,1 items,from €14.90
https://cdn.heinemann-shop.com/images/he7/hc0/9380924162078.jpg,Elizabeth Arden,Elizabeth Arden Ceramide Vitamin C capsules 28 ml,28 ml (€260.36 / 100 ml),from €72.90
https://cdn.heinemann-shop.com/images/h3c/ha2/9415518683166.jpg,Elizabeth Arden,Elizabeth Arden White Tea Mandarin Blossom Eau de Toilette 100 ml,100 ml (€41.90 / 100 ml),from €41.90
https://cdn.heinemann-shop.com/images/h82/h64/9378645934110.jpg,Elizabeth Arden,Elizabeth Arden Retinol Ceramide Capsules Night Serum 28 ml,28 ml (€260.36 / 100 ml),from €72.90
https://cdn.heinemann-shop.com/images/h16/h21/9378912337950.jpg,Elizabeth Arden,Elizabeth Arden Eight Hour Body Care Set,1 items,€29.90
https://cdn.heinemann-shop.com/images/hdb/h82/9378590490654.jpg,Elizabeth Arden,Elizabeth Arden Ceramide Day & Night Face Care Set,1 items,from €69.90
https://cdn.heinemann-shop.com/images/h01/h62/9378689450014.jpg,Elizabeth Arden,Elizabeth Arden Eight Hour Cream Intensive Hand Treatment Set,1 items,from €43.90
https://cdn.heinemann-shop.com/images/h70/he0/9499028750366.jpg,Elizabeth Arden,Elizabeth Arden Eight Hour Set,1 items,from €14.90
https://cdn.heinemann-shop.com/images/hfb/h91/9380679221278.jpg,Elizabeth Arden,Elizabeth Arden White Tea Wild Rose Eau de Toilette 100 ml,100 ml (€41.90 / 100 ml),from €41.90
https://cdn.heinemann-shop.com/images/hc7/h3b/9380582588446.jpg,Elizabeth Arden,Elizabeth Arden Sunflowers Sunlit Showers Eau de Toilette 100 ml,100 ml (€19.90 / 100 ml),€19.90
https://cdn.heinemann-shop.com/images/h4a/hfc/9426936627230.jpg,Elizabeth Arden,Elizabeth Arden Beautifully Bronzed Make Up Set,1 items,€42.90
https://cdn.heinemann-shop.com/images/h66/h86/9399724212254.jpg,Elizabeth Arden,Elizabeth Arden Eight Hour Great 8 Daily Defense Moisturizer Broad Spectrum SPF 35 45 ml,45 ml (€66.44 / 100 ml),from €29.90
Image is missing,Elizabeth Arden,Elizabeth Arden Eight Hour All-Over Miracle Oil 100 ml,100 ml (€24.50 / 100 ml),€24.50
https://cdn.heinemann-shop.com/images/hce/h5a/9378816524318.jpg,Elizabeth Arden,Elizabeth Arden 8-Hour Face Care Set,1 items,from €14.90
https://cdn.heinemann-shop.com/images/hfe/h10/9380685709342.jpg,Elizabeth Arden,Elizabeth Arden White Tea Vanilla Orchid Eau de Toilette 100 ml,100 ml (€41.90 / 100 ml),from €41.90
https://cdn.heinemann-shop.com/images/h37/hc0/9399724507166.jpg,Elizabeth Arden,Elizabeth Arden 5th Avenue NYC Eau de Parfum 75 ml,75 ml (€26.53 / 100 ml),from €19.90
https://cdn.heinemann-shop.com/images/h18/h50/9498642907166.jpg,Elizabeth Arden,Elizabeth Arden Green Tea Eau de Toilette 100 ml,100 ml (€19.90 / 100 ml),from €19.90
https://cdn.heinemann-shop.com/images/hc9/hed/9399756062750.jpg,Elizabeth Arden,Elizabeth Arden Green Tea Body Cream Duo Set,1 items,from €37.50
https://cdn.heinemann-shop.com/images/h76/h6a/9415524548638.jpg,Elizabeth Arden,Elizabeth Arden 5th Avenue Uptown NYC Eau de Parfum 75 ml,75 ml (€26.53 / 100 ml),from €19.90
https://cdn.heinemann-shop.com/images/h74/hc6/9437043359774.jpg,Elizabeth Arden,Elizabeth Arden Ceramide Serum 28 ml,60 items,€71.90
https://cdn.heinemann-shop.com/images/h39/had/9379214327838.jpg,Elizabeth Arden,Elizabeth Arden 8-Hour Cream Night Time Miracle Moisturizer 50ML,50 ml (€65.80 / 100 ml),from €32.90
https://cdn.heinemann-shop.com/images/hbd/he0/9378850799646.jpg,Elizabeth Arden,Elizabeth Arden Sunflowers Summer Bloom Eau de Toilette 100 ml,100 ml (€19.90 / 100 ml),€19.90
https://cdn.heinemann-shop.com/images/h5a/h84/9437006921758.jpg,Elizabeth Arden,Elizabeth Arden Ceramide Flawless Future Moisture Cream SPF 30 PA++ 50 ml,50 ml (€93.80 / 100 ml),€46.90
https://cdn.heinemann-shop.com/images/hc3/h32/9437020454942.jpg,Elizabeth Arden,Elizabeth Arden Skincare Set,1 items,€44.90
https://cdn.heinemann-shop.com/images/hc8/he5/9380748230686.jpg,Elizabeth Arden,"Elizabeth Arden Green Tea Body Lotion 0,5 L",500 ml (€33.40 / 1000 ml),from €16.70
https://cdn.heinemann-shop.com/images/h36/h50/9380817797150.jpg,Elizabeth Arden,"Elizabeth Arden Special Products Advanced Eye Fix Primer 7,5ml",7.5 ml (€326.67 / 100 ml),from €24.50
https://cdn.heinemann-shop.com/images/hb3/h2d/9378644033566.jpg,Elizabeth Arden,Elizabeth Arden 5th Avenue NYC Lights 75ml EdP Spray,75 ml (€26.53 / 100 ml),from €19.90
https://cdn.heinemann-shop.com/images/hdd/ha9/9426984370206.jpg,Elizabeth Arden,Elizabeth Arden 5th Avenue NYC Red Eau de Parfum 75 ml,75 ml (€26.53 / 100 ml),from €19.90
https://cdn.heinemann-shop.com/images/hed/he4/9380960239646.jpg,Elizabeth Arden,"Elizabeth Arden Green Tea Bath and Shower Gel 0,5 L",500 ml (€33.40 / 1000 ml),from €16.70
https://cdn.heinemann-shop.com/images/h47/h8a/9426984828958.jpg,Elizabeth Arden,Elizabeth Arden Green Tea Pear Blossom Eau de Toilette 100 ml,100 ml (€19.90 / 100 ml),from €19.90
https://cdn.heinemann-shop.com/images/h24/h38/9456826253342.jpg,Elizabeth Arden,Elizabeth Arden 5th Avenue Set,1 items,€49.90
https://cdn.heinemann-shop.com/images/ha9/h2d/9379111108638.jpg,Elizabeth Arden,Elizabeth Arden 5th Avenue NYC Live EdP Spray 125 ml,125 ml (€23.92 / 100 ml),from €29.90
Image is missing,Elizabeth Arden,Elizabeth Arden 8-Hour All-Over Miracle Oil 100 ml,100 ml (€24.50 / 100 ml),€24.50
https://cdn.heinemann-shop.com/images/h5d/h8b/9221674041374.jpg,Gin Sul,Gin Sul Hamburg Dry Gin 43% 0.5L,0.5 l (€67.80 / 1 l),€33.90
https://cdn.heinemann-shop.com/images/hf3/hcd/9435834449950.jpg,Gin Sul,Gin Sul Dry Gin Europe Edition 43% 0.5L,0.5 l (€79.80 / 1 l),€39.90
https://cdn.heinemann-shop.com/images/h12/hae/9462892855326.jpg,Bacardi,Bacardi Razz 32% 1L,1 l (€18.30 / 1 l),from €18.30
https://cdn.heinemann-shop.com/images/h05/h51/9462893314078.jpg,Bacardi,Bacardi Reserva Ocho 40% 1L,1 l (€34.90 / 1 l),from €34.90
https://cdn.heinemann-shop.com/images/h52/ha9/9462445015070.jpg,Bacardi,Bacardi Carta Blanca 37.5% 2x1L Twinpack,2 l (€14.95 / 1 l),from €29.90
https://cdn.heinemann-shop.com/images/h14/h28/9462895378462.jpg,Bacardi,Bacardi Anejo Cuatro 40% 1L,1 l (€24.50 / 1 l),from €24.50
https://cdn.heinemann-shop.com/images/ha5/h62/9462887972894.jpg,Bacardi,Bacardi Limon 32% 1L,1 l (€18.30 / 1 l),from €18.30
https://cdn.heinemann-shop.com/images/hf6/hba/9380851089438.jpg,Bacardi,Bacardi Carta Blanca 37.5% 1L,1 l (€13.90 / 1 l),from €13.90
https://cdn.heinemann-shop.com/images/h52/h7b/9380930945054.jpg,Bacardi,Bacardi Carta Negra 40% 1L,1 l (€18.70 / 1 l),from €18.70
https://cdn.heinemann-shop.com/images/hd6/h99/9462869131294.jpg,Bacardi,Bacardi Carta Oro 40% 1L,1 l (€18.70 / 1 l),from €18.70
https://cdn.heinemann-shop.com/images/h45/h75/9462881255454.jpg,Bacardi,Bacardi Spiced Rum 35% 1L,1 l (€17.50 / 1 l),from €17.50
https://cdn.heinemann-shop.com/images/hae/h5f/9462873325598.jpg,Bacardi,Bacardi Gran Reserva Diez 40% 1L,1 l (€49.90 / 1 l),from €49.90
https://cdn.heinemann-shop.com/images/h6d/h84/9491016187934.jpg,Bacardi,Bacardi Gran Reserva Especial 16y 40% 1L,1 l (€99.90 / 1 l),€99.90
https://cdn.heinemann-shop.com/images/h68/h9f/9462872866846.jpg,Bacardi,Bacardi Cuatro Sherry Cask 40% 1L,1 l (€27.90 / 1 l),from €27.90
https://cdn.heinemann-shop.com/images/hb8/hf7/9330662604830.jpg,Bacardi,Bacardi Ginger 1L 32%,1 l (€18.70 / 1 l),€18.70
https://cdn.heinemann-shop.com/images/h8e/h79/9462890790942.jpg,Bacardi,Bacardi Carta Blanca 37.5% 0.5L PET,0.5 l (€23.40 / 1 l),from €11.70
https://cdn.heinemann-shop.com/images/h70/hf4/9462889807902.jpg,Bacardi,Bacardi Pina Colada 14.9% 1L,1 l (€18.90 / 1 l),€18.90
https://cdn.heinemann-shop.com/images/h7f/h7e/9462900785182.jpg,Bacardi,Bacardi Mojito 14.9% 1L,1 l (€18.90 / 1 l),€18.90
https://cdn.heinemann-shop.com/images/hf4/h67/9462404481054.jpg,Bacardi,Bacardi Mango 32% 1L,1 l (€18.30 / 1 l),€18.30
https://cdn.heinemann-shop.com/images/hc3/h44/9462873554974.jpg,Absolut,Absolut Vodka Blue 40% 0.2L,0.2 l (€38.50 / 1 l),€7.70
https://cdn.heinemann-shop.com/images/hd6/h87/9222839599134.jpg,Absolut,Absolut Mandrin 40% 1L,1 l (€21.90 / 1 l),€21.90
https://cdn.heinemann-shop.com/images/he1/hfc/9222757842974.jpg,Absolut,Absolut Apeach 40% 1L,1 l (€21.90 / 1 l),€21.90
https://cdn.heinemann-shop.com/images/h58/h75/9462355591198.jpg,Absolut,Absolut Citron 40% 0.5L,0.5 l (€26.60 / 1 l),€13.30
https://cdn.heinemann-shop.com/images/h44/h72/9462400122910.jpg,Absolut,Absolut Five 40% 5x0.05L,0.25 l (€78.80 / 1 l),€19.70
https://cdn.heinemann-shop.com/images/hbf/hca/9462430236702.jpg,Absolut,Absolut Kurant 40% 0.5L,0.5 l (€26.60 / 1 l),€13.30
https://cdn.heinemann-shop.com/images/h06/hbf/9462400811038.jpg,Absolut,Absolut Kurant 40% 1L,1 l (€21.90 / 1 l),€21.90
https://cdn.heinemann-shop.com/images/h85/h68/9222753255454.jpg,Absolut,Absolut 100 50% 1L,1 l (€29.90 / 1 l),€29.90
https://cdn.heinemann-shop.com/images/h19/hb4/9462891020318.jpg,Absolut,Absolut Vodka Lime 40% 1L,1 l (€21.90 / 1 l),from €21.90
https://cdn.heinemann-shop.com/images/h93/hb6/9462867984414.jpg,Absolut,Absolut Grapefruit 40% 1L,1 l (€21.90 / 1 l),from €21.90
https://cdn.heinemann-shop.com/images/h43/h86/9503568265246.jpg,Absolut,Absolut Passionfruit 40% 1L,1 l (€21.90 / 1 l),from €21.90
https://cdn.heinemann-shop.com/images/h42/h40/9462874800158.jpg,Absolut,Absolut Raspberri 40% 1L,1 l (€21.90 / 1 l),from €21.90
https://cdn.heinemann-shop.com/images/h0a/h46/9222713081886.jpg,Absolut,Absolut Vanilia 40% 1L,1 l (€21.90 / 1 l),€21.90
https://cdn.heinemann-shop.com/images/hee/h83/9462873784350.jpg,Absolut,Absolut Mango 40% 1L,1 l (€21.90 / 1 l),from €21.90
https://cdn.heinemann-shop.com/images/h5d/hb5/9462887448606.jpg,Absolut,Absolut 40% 1L,1 l (€15.90 / 1 l),from €15.90
https://cdn.heinemann-shop.com/images/hca/h80/9462875258910.jpg,Absolut,Absolut Citron 40% 1L,1 l (€21.90 / 1 l),from €21.90
https://cdn.heinemann-shop.com/images/hb8/h92/9462884696094.jpg,Absolut,Absolut 40% 0.5L,0.5 l (€26.60 / 1 l),from €13.30
https://cdn.heinemann-shop.com/images/h97/h43/9222760103966.jpg,Absolut,Absolut Vodka Elyx 42.3% 1L,1 l (€53.90 / 1 l),€53.90
https://cdn.heinemann-shop.com/images/h40/h38/9462401269790.jpg,Absolut,Absolut Vodka 40% 4.5 L,4.5 l (€19.98 / 1 l),from €89.90
https://cdn.heinemann-shop.com/images/hcb/ha1/9462351233054.jpg,Absolut,Absolut Äpple 40% 1L,1 l (€21.90 / 1 l),€21.90
https://cdn.heinemann-shop.com/images/h4a/hf6/9462879649822.jpg,Absolut,Absolut Vodka Blue Global Travel Retail Edition,1 l (€19.90 / 1 l),from €19.90
https://cdn.heinemann-shop.com/images/hc4/h2c/9329585094686.jpg,Louis Roederer,"Louis Roederer, Cristal Rosé, brut, rosé, (gift box), 0.75L",0.75 l (€586.53 / 1 l),€439.90
https://cdn.heinemann-shop.com/images/ha1/h52/9301409890334.jpg,Louis Roederer,"Louis Roederer, Vintage, brut, white, (gift box) 0.75L",0.75 l (€85.20 / 1 l),from €63.90
https://cdn.heinemann-shop.com/images/he3/h0c/9415530315806.jpg,Louis Roederer,"Louis Roederer, Rosé Vintage, brut, rose (gift box), 0.75L",0.75 l (€85.20 / 1 l),€63.90
https://cdn.heinemann-shop.com/images/h65/hfe/9189362925598.jpg,Louis Roederer,"Louis Roederer, Brut Premier, brut, white, (twin pack), 1.5L",1.5 l (€51.27 / 1 l),€76.90
https://cdn.heinemann-shop.com/images/h7e/h10/9415534608414.jpg,Louis Roederer,"Louis Roederer, Blanc de Blancs, Vintage, Champagne, AOC, brut, white (gift box) 0.75L",0.75 l (€93.20 / 1 l),€69.90
https://cdn.heinemann-shop.com/images/h6a/hb1/9300547862558.jpg,Louis Roederer,"Louis Roederer, Brut Premier, brut, white, (gift box), 1.5L",1.5 l (€56.60 / 1 l),from €84.90
https://cdn.heinemann-shop.com/images/h13/ha8/9329026957342.jpg,Louis Roederer,"Louis Roederer, Brut Premier, brut, white, (gift box), 0.75L",0.75 l (€57.20 / 1 l),from €42.90
https://cdn.heinemann-shop.com/images/ha5/he1/9354475667486.jpg,Louis Roederer,Louis Roederer Brut Nature 0.75L,0.75 l (€89.20 / 1 l),from €66.90
https://cdn.heinemann-shop.com/images/h7e/h6a/9380734304286.jpg,Tanqueray,Tanqueray No. Ten 47.3% 1L,1 l (€49.90 / 1 l),from €49.90
https://cdn.heinemann-shop.com/images/h36/ha1/9379005333534.jpg,Tanqueray,Tanqueray Special Dry Gin 47.3% 1L,1 l (€18.90 / 1 l),from €18.90
https://cdn.heinemann-shop.com/images/h95/haf/9462409363486.jpg,Tanqueray,Tanqueray Rangpur 41.3% 1L,1 l (€25.90 / 1 l),from €25.90
https://cdn.heinemann-shop.com/images/h3f/h52/9462362538014.jpg,Tanqueray,Tanqueray Sevilla 41.3% 1L,1 l (€24.90 / 1 l),from €24.90
https://cdn.heinemann-shop.com/images/h6b/h37/9282443739166.jpg,Taittinger,"Taittinger, Comtes de Champagne, brut, white, (gift box), 0.75L",0.75 l (€181.20 / 1 l),€135.90
https://cdn.heinemann-shop.com/images/h4b/h56/9329887019038.jpg,Taittinger,"Taittinger, Brut Rosé, brut, rosé, (gift box), 0.75L",0.75 l (€66.53 / 1 l),from €49.90
https://cdn.heinemann-shop.com/images/hd4/hc7/9180527919134.jpg,Taittinger,"Taittinger, Brut Réserve, brut, white 0.375L",0.375 l (€58.40 / 1 l),from €21.90
https://cdn.heinemann-shop.com/images/h53/hdf/9180813197342.jpg,Taittinger,"Taittinger, Prélude, brut, white (gift box) 0.75L",0.75 l (€66.53 / 1 l),€49.90
https://cdn.heinemann-shop.com/images/hed/h9c/9380906336286.jpg,Taittinger,"Taittinger, Brut Réserve, brut, white, (gift box), 0.75L",0.75 l (€55.87 / 1 l),from €41.90
https://cdn.heinemann-shop.com/images/h01/hff/9329663934494.jpg,Taittinger,"Taittinger, Brut Réserve, brut, white, (twin pack), 1.5L",1.5 l (€49.93 / 1 l),from €74.90
https://cdn.heinemann-shop.com/images/h62/hed/9180413034526.jpg,Taittinger,"Taittinger, Brut Millésimé, brut, white (Gift pack) 0.75L",0.75 l (€70.53 / 1 l),€52.90
https://cdn.heinemann-shop.com/images/h23/h92/9105529372702.jpg,Bombay,Bombay Sapphire 47% 0.2L,0.2 l (€41.50 / 1 l),from €8.30
https://cdn.heinemann-shop.com/images/hab/h4a/9462872342558.jpg,Bombay,Bombay Star of Bombay 47.5% 1L,1 l (€45.90 / 1 l),from €45.90
https://cdn.heinemann-shop.com/images/h2f/hb0/9462899048478.jpg,Bombay,Bombay Sapphire 47% 0.5L,0.5 l (€34.60 / 1 l),from €17.30
https://cdn.heinemann-shop.com/images/h46/h3b/9379363160094.jpg,Bombay,Bombay Sapphire 47% 2x1L Twinpack,2 l (€24.45 / 1 l),from €48.90
https://cdn.heinemann-shop.com/images/hf7/hfd/9498646675486.jpg,Bombay,Bombay Sapphire 47% 1L,1 l (€22.90 / 1 l),from €22.90
https://cdn.heinemann-shop.com/images/h1a/h78/9462876405790.jpg,Bombay,Bombay English Estate 41% 1L GP,1 l (€29.90 / 1 l),from €29.90
https://cdn.heinemann-shop.com/images/h1c/hf9/9519376859166.jpg,Bombay,Bombay Bramble 43% 1L,1 l (€31.90 / 1 l),from €31.90
https://cdn.heinemann-shop.com/images/h86/ha2/9177287065630.jpg,Anselmann,"Anselmann, Dornfelder Classic, QbA, Palatinate, dry, red, 0.75L",0.75 l (€10.53 / 1 l),€7.90
https://cdn.heinemann-shop.com/images/hfe/h81/9180438724638.jpg,Anselmann,"Anselmann, Trockenbeerenauslese, Palatinate, sweet, white, 0.375L",0.375 l (€63.73 / 1 l),from €23.90
https://cdn.heinemann-shop.com/images/ha5/h8f/9176785256478.jpg,Anselmann,"Anselmann, Dornfelder Barrique, QbA, Pfalz, dry, red, 0.75L",0.75 l (€15.87 / 1 l),€11.90
https://cdn.heinemann-shop.com/images/h9d/h4d/9180578054174.jpg,Anselmann,"Anselmann, Riesling Classic, QbA, Palatinate, semi-dry, white, 0.75L",0.75 l (€10.00 / 1 l),€7.50
https://cdn.heinemann-shop.com/images/h56/hdb/9180581068830.jpg,Anselmann,"Anselmann, Grauer Burgunder Classic, QbA, Palatinate, semi-dry, white, 0.75L",0.75 l (€10.00 / 1 l),€7.50
https://cdn.heinemann-shop.com/images/h44/h48/9180446261278.jpg,Anselmann,"Anselmann, Eiswein, Palatinate, sweet, white, 0.375L",0.375 l (€114.40 / 1 l),€42.90
https://cdn.heinemann-shop.com/images/he2/hf2/9177056116766.jpg,Anselmann,"Anselmann, Pinot Noir, Pfalz, QbA, sweet, red 0.75L",0.75 l (€17.20 / 1 l),€12.90
https://cdn.heinemann-shop.com/images/h3d/hb6/9462871883806.jpg,Chivas,Chivas Brothers' Blend 12 years old 40% 1L,1 l (€51.50 / 1 l),from €51.50
https://cdn.heinemann-shop.com/images/ha7/h86/9462899507230.jpg,Chivas,Chivas Regal Extra 40% 1L,1 l (€55.90 / 1 l),from €55.90
https://cdn.heinemann-shop.com/images/hfc/hd1/9462877388830.jpg,Chivas,Chivas Regal Ultis 40% 0.7L,0.7 l (€268.43 / 1 l),from €187.90
https://cdn.heinemann-shop.com/images/hb9/h97/8856201461790.jpg,Chivas,Chivas Regal 25 years old 40% 0.7L,0.7 l (€437.00 / 1 l),from €305.90
https://cdn.heinemann-shop.com/images/hdc/hde/9462886531102.jpg,Chivas,Chivas Regal 18 years old 40% 1L,1 l (€91.90 / 1 l),from €91.90
https://cdn.heinemann-shop.com/images/hc9/h52/9330278432798.jpg,Chivas,Chivas Regal 12 years old 40% 0.2L,0.2 l (€86.50 / 1 l),€17.30
https://cdn.heinemann-shop.com/images/h0f/h2e/9378816753694.jpg,Chivas,Chivas Regal Mizunara 40% 0.7L giftpack,0.7 l (€68.43 / 1 l),from €47.90
https://cdn.heinemann-shop.com/images/ha0/h56/9462878273566.jpg,Chivas,Chivas Regal XV 15 years old 40% 1L,1 l (€68.90 / 1 l),from €68.90
https://cdn.heinemann-shop.com/images/h1d/he2/9462887677982.jpg,Chivas,Chivas Regal 12 years old 40% 1L,1 l (€26.90 / 1 l),from €26.90
https://cdn.heinemann-shop.com/images/hd9/h83/9462873096222.jpg,Chivas,Chivas Regal 12 years old 40% 0.5L PET,0.5 l (€45.00 / 1 l),from €22.50
https://cdn.heinemann-shop.com/images/h85/h02/9462900555806.jpg,Chivas,Chivas Regal 12 years old 40% 2x1L Twinpack,2 l (€26.95 / 1 l),from €53.90
https://cdn.heinemann-shop.com/images/hac/h90/9221918031902.jpg,Chivas,"Chivas Brother's Blend 40% 0.2L, Giftpack",0.2 l (€81.50 / 1 l),€16.30
https://cdn.heinemann-shop.com/images/h5e/hb3/9462870736926.jpg,Chivas,Chivas Regal The Icon 43% 0.7L,"0.7 l (€5,071.29 / 1 l)","€3,549.90"
https://cdn.heinemann-shop.com/images/hbe/h85/9462403563550.jpg,Chivas,Chivas Regal 12y 40% 0.7L,0.7 l (€52.71 / 1 l),€36.90
https://cdn.heinemann-shop.com/images/h4d/h5e/9462439018526.jpg,Chivas,Chivas Regal 12y 40% 4.5L with cradle,4.5 l (€41.76 / 1 l),from €187.90
https://cdn.heinemann-shop.com/images/h3f/hf2/9508154310686.jpg,Caperdonich,Caperdonich 21yo Peated Speyside Single Malt Scotch Whisky 48% 0.7L giftbox,0.7 l (€371.29 / 1 l),€259.90
https://cdn.heinemann-shop.com/images/h59/h5a/9462881026078.jpg,Caperdonich,Caperdonich 18yo Peated Speyside Single Malt Scotch Whisky 48% 0.7L giftbox,0.7 l (€165.57 / 1 l),€115.90
https://cdn.heinemann-shop.com/images/h48/ha3/9462897442846.jpg,Jameson,Jameson 40% 0.5L PET,0.5 l (€33.00 / 1 l),from €16.50
https://cdn.heinemann-shop.com/images/h2c/h6f/9462421749790.jpg,Jameson,Midleton Very Rare 40% 0.7l,0.7 l (€285.57 / 1 l),€199.90
https://cdn.heinemann-shop.com/images/h17/hd1/9462868901918.jpg,Jameson,Jameson 18 yo Bow Street 55.3% 0.7L,0.7 l (€351.29 / 1 l),€245.90
https://cdn.heinemann-shop.com/images/h1f/h68/9462867525662.jpg,Jameson,Jameson 18 yo 40% 0.7L,0.7 l (€279.86 / 1 l),€195.90
https://cdn.heinemann-shop.com/images/h42/h3a/9494637150238.jpg,Jameson,Jameson 40% 1L,1 l (€28.50 / 1 l),from €28.50
https://cdn.heinemann-shop.com/images/h3c/h6f/9462878044190.jpg,Jameson,Jameson Caskmates 40% 1L,1 l (€33.90 / 1 l),from €33.90
https://cdn.heinemann-shop.com/images/h64/h13/9462886072350.jpg,Jameson,Jameson Caskmates IPA 40% 1L,1 l (€33.90 / 1 l),from €33.90
https://cdn.heinemann-shop.com/images/h4e/h2e/9462867230750.jpg,Jameson,Jameson Black Barrel 40% 1L giftpack,1 l (€43.90 / 1 l),from €43.90
https://cdn.heinemann-shop.com/images/h9e/hf2/9462397599774.jpg,Jameson,Jameson *** 40% 2x1L,2 l (€23.95 / 1 l),from €47.90
https://cdn.heinemann-shop.com/images/h11/hd9/9462418309150.jpg,Jameson,Jameson Triple Pack 40% 3x0.2L,0.6 l (€53.17 / 1 l),€31.90
https://cdn.heinemann-shop.com/images/hc1/h43/9462895607838.jpg,Jameson,Jameson Triple Triple 40% 1L,1 l (€25.90 / 1 l),from €25.90
https://cdn.heinemann-shop.com/images/h0c/h6d/9221521768478.jpg,Glenmorangie,"Glenmorangie Signet 0.7L, Giftpack",0.7 l (€228.43 / 1 l),from €159.90
https://cdn.heinemann-shop.com/images/h69/h36/9221697536030.jpg,Glenmorangie,"Glenmorangie 19 years 43% 0.7L, Giftpack",0.7 l (€185.57 / 1 l),from €129.90
https://cdn.heinemann-shop.com/images/h52/ha1/9381004476446.jpg,Glenmorangie,"Glenmorangie Original 1L, Giftpack",1 l (€49.90 / 1 l),from €49.90
https://cdn.heinemann-shop.com/images/h66/h69/9369088163870.jpg,Glenmorangie,Glenmorangie The Tribute 16yo 43% 1L GP,1 l (€93.90 / 1 l),from €93.90
https://cdn.heinemann-shop.com/images/h19/h4f/9380822515742.jpg,Glenmorangie,Glenmorangie The Accord 12yo 43% 1L GP,1 l (€64.90 / 1 l),from €64.90
https://cdn.heinemann-shop.com/images/h79/ha4/9369087901726.jpg,Glenmorangie,Glenmorangie The Elementa 14yo 43% 1L GP,1 l (€74.90 / 1 l),from €74.90
https://cdn.heinemann-shop.com/images/h07/hb1/9330696126494.jpg,The Glenlivet,The Glenlivet 12y 40% 1L,1 l (€59.90 / 1 l),from €59.90
https://cdn.heinemann-shop.com/images/hf0/hb0/9462891708446.jpg,The Glenlivet,The Glenlivet 25y 43% 0.7L,0.7 l (€565.57 / 1 l),€395.90
https://cdn.heinemann-shop.com/images/h62/hfe/9462901014558.jpg,The Glenlivet,The Glenlivet Nadurra Oloroso 48% 1L Giftpack,1 l (€69.90 / 1 l),from €69.90
https://cdn.heinemann-shop.com/images/hc2/hbe/9462898360350.jpg,The Glenlivet,The Glenlivet Triple Cask Matured White Oak Reserve 40% 1L,1 l (€71.90 / 1 l),from €71.90
https://cdn.heinemann-shop.com/images/h7f/h3a/9206230745118.jpg,The Glenlivet,The Glenlivet Triple Cask Matured Rare Cask 40% 1L gift box,1 l (€117.90 / 1 l),€117.90
https://cdn.heinemann-shop.com/images/h10/h77/9462445932574.jpg,The Glenlivet,"The Glenlivet Nàdurra, Peated Whisky Cask Finish 48% 1L",1 l (€76.90 / 1 l),€76.90
https://cdn.heinemann-shop.com/images/h54/h55/9462869819422.jpg,The Glenlivet,The Glenlivet 21y Archive 43% 0.7L,0.7 l (€322.71 / 1 l),from €225.90
https://cdn.heinemann-shop.com/images/hd3/h0f/9221950767134.jpg,The Glenlivet,The Glenlivet Nàdurra First Fill 48% 1L,1 l (€69.90 / 1 l),€69.90
https://cdn.heinemann-shop.com/images/h0f/h93/9462880337950.jpg,The Glenlivet,The Glenlivet Triple Cask Matured Distillers Reserve 40% 1L,1 l (€36.90 / 1 l),from €36.90
https://cdn.heinemann-shop.com/images/h23/hac/9491020120094.jpg,Laphroaig,Laphroaig 25YO Bessie Williams 2019 43% 0.7L,0.7 l (€642.71 / 1 l),€449.90
https://cdn.heinemann-shop.com/images/h6d/hbd/9379399630878.jpg,Laphroaig,Laphroaig 1815 Edition 48% 0.7L GP,0.7 l (€151.29 / 1 l),from €105.90
https://cdn.heinemann-shop.com/images/h51/he9/9379452846110.jpg,Laphroaig,"Laphroaig Four Oak 40% 1L, Giftpack",1 l (€59.90 / 1 l),from €59.90
https://cdn.heinemann-shop.com/images/he5/h9f/9380985012254.jpg,Laphroaig,Laphroaig Px Cask 48% 1L,1 l (€87.90 / 1 l),from €87.90
https://cdn.heinemann-shop.com/images/hab/ha0/9491019366430.jpg,Laphroaig,Laphroaig Port Wood 48% 0.7L,0.7 l (€171.29 / 1 l),from €119.90
https://cdn.heinemann-shop.com/images/h1b/h06/9305995083806.jpg,Laphroaig,Laphroaig 30YO Ian Hunter 2019 46.7% 0.7L,"0.7 l (€1,142.71 / 1 l)",€799.90
https://cdn.heinemann-shop.com/images/hf4/h69/9330577276958.jpg,Laphroaig,Laphroaig 28Y 44.4% 0.7L,0.7 l (€714.14 / 1 l),€499.90
https://cdn.heinemann-shop.com/images/h2f/h06/9378932555806.jpg,Macallan,Macallan Rare Cask Black 48% 0.7L,0.7 l (€657.00 / 1 l),from €459.90
https://cdn.heinemann-shop.com/images/h61/h52/9380960469022.jpg,Macallan,Macallan Oscuro 46.5% 0.7L Giftpack,"0.7 l (€1,828.43 / 1 l)","from €1,279.90"
https://cdn.heinemann-shop.com/images/hdd/h6b/9379161636894.jpg,Macallan,"Macallan Terra 43.8% 0.7L, giftpack",0.7 l (€264.14 / 1 l),from €184.90
https://cdn.heinemann-shop.com/images/ha4/h27/9379171991582.jpg,Macallan,"Macallan Enigma 44.9% 0.7L, giftpack",0.7 l (€414.14 / 1 l),from €289.90
https://cdn.heinemann-shop.com/images/h02/h5c/9379152592926.jpg,Macallan,"Macallan Lumina 41.3% 0.7L, giftpack",0.7 l (€147.00 / 1 l),from €102.90
https://cdn.heinemann-shop.com/images/h7b/h56/9380584325150.jpg,Macallan,Macallan Concept 2 40% 0.7L GP,0.7 l (€192.71 / 1 l),from €134.90
https://cdn.heinemann-shop.com/images/haf/h50/9379143254046.jpg,Macallan,"Macallan Quest 40% 1L, giftpack",1 l (€76.90 / 1 l),from €76.90
https://cdn.heinemann-shop.com/images/h51/h73/9380574560286.jpg,Macallan,Macallan M Decan. 45.9% 0.7L GP,"0.7 l (€9,571.29 / 1 l)","€6,699.90"
Image is missing,Macallan,Macallan M Black 45% 0.7L GP,"0.7 l (€10,285.57 / 1 l)","€7,199.90"
https://cdn.heinemann-shop.com/images/h0a/h72/9462422896670.jpg,Johnnie Walker,"Johnnie Walker Red Label, 40% 0.5L PET",0.5 l (€27.40 / 1 l),from €13.70
https://cdn.heinemann-shop.com/images/h95/h97/9329122967582.jpg,Johnnie Walker,Johnnie Walker Double Black 40% 1L,1 l (€49.90 / 1 l),from €49.90
https://cdn.heinemann-shop.com/images/hae/hf1/9494636691486.jpg,Johnnie Walker,Johnnie Walker Blue Label 40% 0.7L,0.7 l (€285.57 / 1 l),from €199.90
https://cdn.heinemann-shop.com/images/ha0/h70/9462364602398.jpg,Johnnie Walker,Johnnie Walker Red Label 40% 1L,1 l (€23.50 / 1 l),from €23.50
https://cdn.heinemann-shop.com/images/hb6/hc3/9409888780318.jpg,Johnnie Walker,"Johnnie Walker Black Label, giftbox 12y 40% 1L",1 l (€40.90 / 1 l),from €40.90
https://cdn.heinemann-shop.com/images/he4/h0b/9380843978782.jpg,Johnnie Walker,Johnnie Walker Blue Label 40% 1L,1 l (€249.90 / 1 l),€249.90
https://cdn.heinemann-shop.com/images/hbd/h48/9462432759838.jpg,Johnnie Walker,Johnnie Walker Black Label Twinpack 12y 40% 2x1L,2 l (€34.25 / 1 l),from €68.50
https://cdn.heinemann-shop.com/images/h25/h5c/9462445703198.jpg,Johnnie Walker,Johnnie Walker Red Label Twinpack 40% 2x1L,2 l (€18.45 / 1 l),from €36.90
https://cdn.heinemann-shop.com/images/h9e/h2e/9330476220446.jpg,Johnnie Walker,Johnnie Walker Gold Label Reserve. 40% 1L,1 l (€63.90 / 1 l),from €63.90
https://cdn.heinemann-shop.com/images/h1a/h3a/9462411427870.jpg,Johnnie Walker,Johnnie Walker Black Label 40% 0.5L,0.5 l (€43.80 / 1 l),from €21.90
https://cdn.heinemann-shop.com/images/h1c/h44/9338009190430.jpg,Johnnie Walker,"Johnnie Walker Island Green 43% 1L, Giftpack",1 l (€59.90 / 1 l),from €59.90
https://cdn.heinemann-shop.com/images/hbb/h59/9340258549790.jpg,Johnnie Walker,Johnnie Walker 18 Years Old 40% 1L gift box,1 l (€109.90 / 1 l),from €109.90
https://cdn.heinemann-shop.com/images/hf9/h15/9462425878558.jpg,Johnnie Walker,The John Walker 40% 0.7L,"0.7 l (€4,928.43 / 1 l)","€3,449.90"
https://cdn.heinemann-shop.com/images/h16/h96/9462402875422.jpg,Johnnie Walker,Johnnie Walker Swing 40% 0.7L,0.7 l (€92.71 / 1 l),€64.90
https://cdn.heinemann-shop.com/images/h46/hea/9462438559774.jpg,Johnnie Walker,"Johnnie Walker Collection Pack 4 x 0.2L (Johnnie Walker Black Label, Johnnie Walker Gold Reserve, Johnnie Walker Platinum, Johnnie Walker Blue Label)",0.8 l (€174.88 / 1 l),from €139.90
https://cdn.heinemann-shop.com/images/h43/hc5/9462428631070.jpg,Johnnie Walker,Johnnie Walker Blue Label 40% 0.2L,0.2 l (€414.50 / 1 l),from €82.90
https://cdn.heinemann-shop.com/images/h65/ha0/9462436560926.jpg,Johnnie Walker,"Johnnie Walker XR 21 40% 1L, giftbox",1 l (€195.90 / 1 l),from €195.90
https://cdn.heinemann-shop.com/images/hab/he5/9462430007326.jpg,Johnnie Walker,"Johnnie Walker Black Label, Speyside Origin Blended Scotch Whisky, 42% 1L giftpack",1 l (€44.90 / 1 l),€44.90
https://cdn.heinemann-shop.com/images/h45/hc0/9180385017886.jpg,Château d'Esclans,"Château d'Esclans, Whispering Angel, Côtes de Provence, AOC, dry, rosé, 1.5L",1.5 l (€27.93 / 1 l),€41.90
https://cdn.heinemann-shop.com/images/h12/h2c/9369093177374.jpg,Château d'Esclans,"Château d'Esclans, Whispering Angel, Côtes de Provence, AOC, dry, rosé 0.75L",0.75 l (€26.53 / 1 l),from €19.90
https://cdn.heinemann-shop.com/images/he8/h8f/9480749350942.jpg,Mouton Cadet,"Baron Philippe de Rothschild, Mouton Cadet, Bordeaux, AOC, dry, rose, 0.75L",0.75 l (€13.20 / 1 l),€9.90
https://cdn.heinemann-shop.com/images/hb4/h30/9390190002206.jpg,Bassermann-Jordan,"Bassermann-Jordan, Pfalz, QbA, dry, rosé (screw cap)",0.75 l (€15.87 / 1 l),€11.90
https://cdn.heinemann-shop.com/images/ha4/ha5/9180796911646.jpg,Masi,"Masi, Rosa dei Masi, Rosé del Veronese, IGP, dry, rosé, 0.75L",0.75 l (€13.20 / 1 l),€9.90
https://cdn.heinemann-shop.com/images/h7d/hf6/9328037429278.jpg,"Miraval, Jolie-Pitt & Perrin","Jolie-Pitt & Perrin, Miraval, Côtes de Provence, AOC, dry, rosé, 0.75L",0.75 l (€22.00 / 1 l),from €16.50
https://cdn.heinemann-shop.com/images/h5c/hde/9327639822366.jpg,Pascal Jolivet,"Pascal Jolivet, Sancerre, AOC, dry, rosé, 0.75L",0.75 l (€23.87 / 1 l),€17.90
https://cdn.heinemann-shop.com/images/h73/h29/9327821848606.jpg,Cazes,"Clos de Paulilles, Collioure, AOC, dry, rosé 0.75L",0.75 l (€14.53 / 1 l),€10.90
https://cdn.heinemann-shop.com/images/h52/h1e/9390184595486.jpg,Bottega,"Bottega, Pinot Grigio, Veneto, IGT, dry, rosé, 0.75L",0.75 l (€11.87 / 1 l),€8.90
https://cdn.heinemann-shop.com/images/h5d/hb3/9329593516062.jpg,Gassier,"Gassier, Esprit, Côtes de Provence, AOC, dry, rosé (screw cap) 0.75L",0.75 l (€17.20 / 1 l),€12.90
https://cdn.heinemann-shop.com/images/h3a/hb1/9180817719326.jpg,Marqués de Riscal,"Marqués de Riscal, Rosado, Rioja, DOCa, dry, red, 0,75L (screw cap)",0.75 l (€10.53 / 1 l),€7.90
https://cdn.heinemann-shop.com/images/h97/h12/9330387419166.jpg,Domaine Montrose,"Domaine Montrose, Côtes de Thongue, IGP, dry, rosé (screw cap) 0.75L",0.75 l (€10.53 / 1 l),€7.90
https://cdn.heinemann-shop.com/images/hc9/hd9/9329729011742.jpg,Frescobaldi,"Frescobaldi, Tenuta d'Ammiraglia, Aliè, Toscana, IGT, dry, rosé 0.75L",0.75 l (€18.53 / 1 l),€13.90
https://cdn.heinemann-shop.com/images/h3c/h51/9180471984158.jpg,Eagle Creek,"Eagle Creek, Zinfandel Rosé, California, dry, rosé, (screw cap), 0.75L",0.75 l (€4.67 / 1 l),€3.50
https://cdn.heinemann-shop.com/images/hc0/h8f/9510538608670.jpg,Guy Saget,"Saget La Perrière, Sancerre, AOC, dry, rosé 0.75L",0.75 l (€22.53 / 1 l),€16.90
https://cdn.heinemann-shop.com/images/h3d/h65/9340145401886.jpg,Domaines Ott,"Domaines Ott, Château Rommassan, Bandol, AOC, dry, rosé, 0.75L",0.75 l (€46.53 / 1 l),€34.90
https://cdn.heinemann-shop.com/images/h92/h10/9329101078558.jpg,Guigal,"Guigal, Côtes du Rhône, AOC, dry, rose 0.75L",0.75 l (€15.33 / 1 l),€11.50
https://cdn.heinemann-shop.com/images/h75/had/9180518842398.jpg,Echo Falls,"Echo Falls, Fruit Fusion, rose wine with natural flavours of summer berries, semi-sweet, rose (screwcap) 0.75L",0.75 l (€6.27 / 1 l),€4.70
https://cdn.heinemann-shop.com/images/h7b/h83/8933823578142.jpg,Tommasi,"Tommasi, Baciorsa, Appassionato, Vino d'Italia, dry, rosé (screwcap) 0.75L",0.75 l (€11.87 / 1 l),€8.90
https://cdn.heinemann-shop.com/images/h0f/h21/9180519596062.jpg,Beringer,"Beringer, Classic, Zinfandel Rosé, California, dry, rose (screwcap) 0.75L",0.75 l (€9.20 / 1 l),€6.90
https://cdn.heinemann-shop.com/images/hc7/h77/9180405497886.jpg,Robert Mondavi,"Robert Mondavi, Woodbridge, White Zinfandel, semi sweet, rose 0.75L",0.75 l (€13.20 / 1 l),€9.90
https://cdn.heinemann-shop.com/images/h95/hee/9180495413278.jpg,Domaine Montrose,"Domaine Montrose, Rosé, Pays d'Oc, IGP, dry, rose (bag in box)",3 l (€9.97 / 1 l),€29.90
https://cdn.heinemann-shop.com/images/h8d/hc8/9476055793694.jpg,Domaine Montrose,"Domaine Montrose, Prestige, Côtes de Thongue, IGP, dry, rosé (glass closure)",0.75 l (€17.20 / 1 l),€12.90
https://cdn.heinemann-shop.com/images/hdd/h6b/9298485248030.jpg,Campillo,"Bodegas Campillo, Campillo Rosé, Garnacha, Rioja DOCa, dry, rosé 0.75L",0.75 l (€10.53 / 1 l),€7.90
https://cdn.heinemann-shop.com/images/h6e/h0d/9180827844638.jpg,Santa Cristina,"Santa Cristina, Cipresseto, Tuscany, IGT, dry, rosé 0.75L",0.75 l (€11.87 / 1 l),€8.90
https://cdn.heinemann-shop.com/images/hf4/h54/9482360160286.jpg,Château d'Esclans,"Château d’Esclans, The Palm by Whispering Angel, Côteaux Varois en Provence, AOC, dry, rosé (screw cap) 0.75L",0.75 l (€19.87 / 1 l),€14.90
https://cdn.heinemann-shop.com/images/hac/h6f/9180526411806.jpg,Listel,"Listel, Gris, Sable de Camargue, IGP, rosé, rosé (organic) 0.75L",0.75 l (€11.87 / 1 l),€8.90
https://cdn.heinemann-shop.com/images/h8f/ha7/9180477259806.jpg,Domaine Montrose,"Domaine Montrose, Côtes de Thongue, IGP, dry, rosé (screw cap) 0.375L",0.375 l (€15.20 / 1 l),€5.70
https://cdn.heinemann-shop.com/images/hd8/hc1/9340608643102.jpg,Blossom Hill,"Blossom Hill, Spritz, Raspberry & Blackcurrant, sweet, rosé (can) 0.25L",0.25 l (€10.80 / 1 l),from €2.70
https://cdn.heinemann-shop.com/images/h54/h1b/9329427578910.jpg,Tormaresca,"Tormaresca, Calafuria, Salento, IGT, dry, rosé",0.75 l (€17.20 / 1 l),€12.90
https://cdn.heinemann-shop.com/images/h3b/h87/9329404248094.jpg,Tormaresca,"Tormaresca, Calafuria, Salento, IGT, dry, rosé",1.5 l (€17.27 / 1 l),€25.90
https://cdn.heinemann-shop.com/images/h45/h7d/9173119467550.jpg,Promenade,"Promenade, Rosé, Languedoc, VDF, dry, rosé (screw cap, multi-layered plastic bottle) 0.75L",0.75 l (€10.53 / 1 l),€7.90
https://cdn.heinemann-shop.com/images/hb3/h43/9489731747870.jpg,Gérard Bertrand,"Gérard Bertrand, Hampton Water, Languedoc, AOP, dry, rosé (glas closure) 0.75L",0.75 l (€19.87 / 1 l),€14.90
https://cdn.heinemann-shop.com/images/hf1/hb6/9476060381214.jpg,Gérard Bertrand,"Gérard Bertrand, Côte des Roses, Languedoc, AOP, dry, rosé (glas closure) 0.75L",0.75 l (€13.20 / 1 l),€9.90
https://cdn.heinemann-shop.com/images/h3f/h7a/9331432554526.jpg,Gérard Bertrand,"Gérard Bertrand, Gris Blanc, Pays d’Oc, IGP, dry, rosé (screw cap) 0.75L",0.75 l (€13.20 / 1 l),€9.90
https://cdn.heinemann-shop.com/images/h1b/h19/9146591871006.jpg,Louison en Provence,"Louison en Provence, Côteaux d'Aix en Provence, AOC, dry, rosé 0.75L",0.75 l (€13.20 / 1 l),€9.90
https://cdn.heinemann-shop.com/images/h57/hc2/9330471862302.jpg,Gassier,"Château Gassier, le Pas du Moine, Côteaux d'Aix en Provence, AOC, dry, rosé (organic) 0.75L",0.75 l (€23.33 / 1 l),€17.50
https://cdn.heinemann-shop.com/images/h40/h92/8934891946014.jpg,Kreuzberg,"Kreuzberg Blanc de Noir, Ahr, QbA, dry, rosé, 0.75L",0.75 l (€11.87 / 1 l),€8.90
https://cdn.heinemann-shop.com/images/h7d/he4/9328051912734.jpg,"Miraval, Jolie-Pitt & Perrin","Jolie-Pitt & Perrin, Miraval, Côtes de Provence, AOC, dry, rosé 1.5L",1.5 l (€22.60 / 1 l),€33.90
https://cdn.heinemann-shop.com/images/hc5/h9a/9499027996702.jpg,Domaine de Pellehaut,"Domaine de Pellehaut Harmonie de Gascogne 2014, IGP Côtes de Gascogne, rosé, 750ml",0.75 l (€6.53 / 1 l),€4.90
https://cdn.heinemann-shop.com/images/haf/h6f/9338197311518.jpg,Kracher,"Kracher, Rosenmuskateller No.2, Trockenbeerenauslese, Burgenland, sweet, red (gift box), 0.375L",0.375 l (€130.40 / 1 l),€48.90
https://cdn.heinemann-shop.com/images/h13/h9c/9180670132254.jpg,Faustino,"Faustino, Faustino V, DO, Rioja, dry, rose 0.75L",0.75 l (€6.53 / 1 l),€4.90
https://cdn.heinemann-shop.com/images/h6d/hf9/9176907644958.jpg,Echo Falls,"Echo Falls, White Zinfandel, California, dry, rosé 0.75L",0.75 l (€6.53 / 1 l),€4.90
https://cdn.heinemann-shop.com/images/h57/h5b/9340269363230.jpg,Vylyan,"Vylyan Rosé, Villany, dry, rosé 0.75L",0.75 l (€7.87 / 1 l),€5.90
https://cdn.heinemann-shop.com/images/h08/h8d/9180484861982.jpg,Guy Saget,"Guy Saget, Rosé d'Anjou, AOC, semi-sweet, rosé 0.75L",0.75 l (€9.73 / 1 l),€7.30
https://cdn.heinemann-shop.com/images/h6a/h96/9341052846110.jpg,Mayer am Pfarrplatz,"Mayer am Pfarrplatz, Fräulein Rosé von Döbling, dry, rosé 0.75L",0.75 l (€14.53 / 1 l),from €10.90
https://cdn.heinemann-shop.com/images/hb4/hf2/9206351036446.jpg,Leitz,"Leitz, Eins-Zwei-Dry, Pinot Noir Rosé, dry, rosé 0.75L (screw cap)",0.75 l (€13.20 / 1 l),€9.90
https://cdn.heinemann-shop.com/images/h89/h21/9180790882334.jpg,Cantina Zaccagnini,"Cantina Zaccagnini, Linea Tralcetto, Cerasuolo d'Abruzzo, DOC, dry, rose 0.75L",0.75 l (€13.20 / 1 l),€9.90
https://cdn.heinemann-shop.com/images/h14/h12/9338044645406.jpg,Nittnaus,"Nittnaus, Ice Wine Exquisit Rosé, Burgenland, sweet, rose (gift box) 0.375L",0.375 l (€93.07 / 1 l),€34.90
https://cdn.heinemann-shop.com/images/h26/h0d/9339547320350.jpg,Umathum,"Umathum, Rosa, Burgenland, dry, rosé 0.75L",0.75 l (€14.53 / 1 l),from €10.90
https://cdn.heinemann-shop.com/images/h18/h0b/9240838995998.jpg,Gem,"Gem, Pays d’Oc, IGP, dry, rosé (glass closure) 0.75L",0.75 l (€11.87 / 1 l),€8.90
https://cdn.heinemann-shop.com/images/h5a/h36/9380540055582.jpg,Chase,"Chase 'En Provence', AOC, rosé, 0.75L",0.75 l (€21.20 / 1 l),€15.90
https://cdn.heinemann-shop.com/images/h44/h3a/9330095652894.jpg,Cune,"Cune, Crianza, Rioja, dry, red 0.75L",0.75 l (€12.67 / 1 l),€9.50
https://cdn.heinemann-shop.com/images/h31/h75/9176578850846.jpg,Guigal,"Guigal, Crozes-Hermitage, AOC, dry, red 0.75L",0.75 l (€23.87 / 1 l),€17.90
https://cdn.heinemann-shop.com/images/hc0/h67/9034790305822.jpg,Tommasi,"Tommasi, Amarone della Valpolicella Classico, DOCG, dry, red 0.75L",0.75 l (€46.53 / 1 l),€34.90
https://cdn.heinemann-shop.com/images/h90/hfc/9180627501086.jpg,Bouchard Père & Fils,"Bouchard Père & Fils, Pinot Noir, Réserve du Château, Bourgogne, AOC, dry, red (gift box) 0.75L",0.75 l (€23.87 / 1 l),€17.90
https://cdn.heinemann-shop.com/images/he3/h33/9416527413278.jpg,Ornellaia,"Ornellaia, Le Volte, Tuscany, IGP, dry, red 0.75L",0.75 l (€25.20 / 1 l),€18.90
https://cdn.heinemann-shop.com/images/h24/h19/9176738594846.jpg,Peter Lehmann,"Peter Lehmann, Barossa, Shiraz, dry, red 0.75L",0.75 l (€15.87 / 1 l),€11.90
https://cdn.heinemann-shop.com/images/ha3/hd2/9177012207646.jpg,Barton & Guestier,"Barton & Guestier, French Tom Réserve, Bordeaux, AOC, dry, red, 0.75L (gift box)",0.75 l (€15.33 / 1 l),€11.50
https://cdn.heinemann-shop.com/images/h6a/h6d/9329656037406.jpg,Bersano,"Bersano, Barolo, Nirvasco, DOCG, dry, red, 0.75L",0.75 l (€34.53 / 1 l),€25.90
https://cdn.heinemann-shop.com/images/ha5/h8f/9176785256478.jpg,Anselmann,"Anselmann, Dornfelder Barrique, QbA, Pfalz, dry, red, 0.75L",0.75 l (€15.87 / 1 l),€11.90
https://cdn.heinemann-shop.com/images/h91/hc5/9331315048478.jpg,Frescobaldi,"Frescobaldi, CastelGiocondo, Brunello di Montalcino, DOCG, dry, red 0.75L",0.75 l (€53.20 / 1 l),from €39.90
https://cdn.heinemann-shop.com/images/hb2/h59/9329096818718.jpg,Prunotto,"Prunotto, Barolo, DOCG, dry, red, 0.75L",0.75 l (€45.20 / 1 l),€33.90
https://cdn.heinemann-shop.com/images/hb6/h27/9331051659294.jpg,Concha y Toro,"Concha y Toro, Casillero del Diablo, Cabernet Sauvignon, Valle Central, DO, dry, red (screw cap) 0.75L",0.75 l (€9.73 / 1 l),€7.30
https://cdn.heinemann-shop.com/images/h0c/h4c/9330559844382.jpg,Concha y Toro,"Concha y Toro, Casillero del Diablo, Merlot, Valle Central, DO, dry, red (screw cap) 0.75L",0.75 l (€9.73 / 1 l),€7.30
https://cdn.heinemann-shop.com/images/hb7/h34/9172897202206.jpg,Concha y Toro,"Concha y Toro, Don Melchor, Cabernet Sauvignon, Puente Alto, DO, dry, red, 0.75L",0.75 l (€119.87 / 1 l),€89.90
https://cdn.heinemann-shop.com/images/hd4/hd2/9330405048350.jpg,Concha y Toro,"Concha y Toro, Casillero del Diablo, Reserva Privada, Cabernet Sauvignon / Shiraz, Maipo, DO, dry, red 0.75L",0.75 l (€15.33 / 1 l),from €11.50
https://cdn.heinemann-shop.com/images/h20/h51/9330223284254.jpg,Prunotto,"Prunotto, Barolo, Bussia, DOCG, dry, red 0.75L",0.75 l (€79.87 / 1 l),€59.90
https://cdn.heinemann-shop.com/images/h15/h62/9180679340062.jpg,Planeta,"Planeta, La Segreta, Sicily, IGP, dry, red, 0.75L",0.75 l (€10.53 / 1 l),€7.90
https://cdn.heinemann-shop.com/images/h06/hc6/9180692217886.jpg,Planeta,"Planeta, Plumbago, Nero d'Avola, Sicily, IGP, dry, red, 0.75L",0.75 l (€14.53 / 1 l),€10.90
https://cdn.heinemann-shop.com/images/hc8/h01/9426440486942.jpg,Umberto Cesari,"Umberto Cesari, Liano, Sangiovese/Cabernet Sauvignon, Emilia-Romagna, IGP, dry, red 0.75L",0.75 l (€28.67 / 1 l),€21.50
https://cdn.heinemann-shop.com/images/h53/ha7/9388407881758.jpg,Mouton Cadet,"Baron Philippe de Rothschild, Mouton Cadet, Bordeaux, AOC, dry, red, (Twinpack), 2 x 0.75L",1.5 l (€12.33 / 1 l),from €18.50
https://cdn.heinemann-shop.com/images/h4c/h28/9462436790302.jpg,Jacob's Creek,Jacob's Creek Cabernet Sauvignon 0.75L,0.75 l (€13.73 / 1 l),€10.30
https://cdn.heinemann-shop.com/images/h28/hcc/9329293066270.jpg,Concha y Toro,"Concha y Toro, Marqués de Casa Concha, Cabernet Sauvignon, Puente Alto, DO, dry, red 0.75L",0.75 l (€18.53 / 1 l),€13.90
https://cdn.heinemann-shop.com/images/hb2/h00/9176550080542.jpg,Concha y Toro,"Concha y Toro, Casillero del Diablo, Carménère, Valle Central, DO, dry, red (screw cap) 0.75L",0.75 l (€9.73 / 1 l),€7.30
https://cdn.heinemann-shop.com/images/h1e/he3/9176912953374.jpg,Concha y Toro,"Concha y Toro, Frontera, Cabernet Sauvignon, Valle Central, DO, dry, red (screw cap), 0.75L",0.75 l (€6.00 / 1 l),€4.50
https://cdn.heinemann-shop.com/images/h17/hd9/9331120898078.jpg,Torres,"Torres, Mas La Plana, Cabernet Sauvignon, DO, Penedès, dry, red, 0.75L",0.75 l (€66.53 / 1 l),€49.90
https://cdn.heinemann-shop.com/images/h9d/h45/9329743495198.jpg,Barón de Ley,"Barón de Ley, Reserva, Rioja, dry, red 0.75L",0.75 l (€18.00 / 1 l),€13.50
https://cdn.heinemann-shop.com/images/hab/hc3/9329886429214.jpg,Frescobaldi,"Frescobaldi, Tenuta Frescobaldi di Castiglioni, Tuscany, IGP, dry, red 0.75L",0.75 l (€21.20 / 1 l),€15.90
https://cdn.heinemann-shop.com/images/h10/h87/9329957306398.jpg,Yellow Tail,"Yellow Tail, Merlot, dry, red, 0.75L",0.75 l (€8.93 / 1 l),€6.70
https://cdn.heinemann-shop.com/images/h35/h36/9176865767454.jpg,Serego Alighieri,"Serego Aligheri, Possessioni Rosso, Rosso del Veronese, Veneto, IGP, dry, red, 0.75L",0.75 l (€13.20 / 1 l),€9.90
https://cdn.heinemann-shop.com/images/h53/h5d/9240869240862.jpg,Masi,"Masi, Modello delle Venezie, Veneto, IGP, dry, red, 0.75L",0.75 l (€9.20 / 1 l),€6.90
https://cdn.heinemann-shop.com/images/hf6/ha6/9177185288222.jpg,Errázuriz,"Errázuriz, Max Reserva, Cabernet Sauvignon, Aconcagua, DO, dry, red, 0.75L",0.75 l (€19.87 / 1 l),from €14.90
https://cdn.heinemann-shop.com/images/h58/h92/9173229404190.jpg,Marqués de Cáceres,"Marqués de Cáceres, Gaudium, Reserva, Rioja, dry, red, 0.75L",0.75 l (€50.53 / 1 l),€37.90
https://cdn.heinemann-shop.com/images/h63/h04/9180437970974.jpg,Torres,"Torres, Grans Muralles, Conca de Barberà, DO, dry, red (wooden box), 0.75L",0.75 l (€114.53 / 1 l),€85.90
https://cdn.heinemann-shop.com/images/hdd/h00/9330142609438.jpg,Allesverloren,"Allesverloren, Tinta Barocca, Wine of Origin, Swartland, dry, red, 0.75L",0.75 l (€15.07 / 1 l),€11.30
https://cdn.heinemann-shop.com/images/hb0/h19/9329956716574.jpg,Luce della Vite,"Luce della Vite, Lucente, Tuscany, IGP, dry, red 0.75L",0.75 l (€33.20 / 1 l),from €24.90
https://cdn.heinemann-shop.com/images/h86/h9f/9358137425950.jpg,Château Peyre-Lebade,"Château Odilon, Haut-Médoc, Cru Bourgeois, AOP, dry, red 0.75L",0.75 l (€23.87 / 1 l),€17.90
https://cdn.heinemann-shop.com/images/h91/h49/9176532418590.jpg,Marchesi di Barolo,"Marchesi di Barolo, Barbera d'Alba, Reis, DOC, dry, red, 0.75L",0.75 l (€17.20 / 1 l),€12.90
https://cdn.heinemann-shop.com/images/h67/h70/9370585825310.jpg,Domaines Barons de Rothschild,"Domaines Barons de Rothschild, Légende R, Bordeaux, AOC, dry, red, 0.75L",0.75 l (€13.20 / 1 l),€9.90
https://cdn.heinemann-shop.com/images/hc1/ha0/9177066831902.jpg,Masi,"Masi, Campofiorin, Rosso del Veronese, Veneto, IGP, dry, red, 0.375L",0.375 l (€20.00 / 1 l),€7.50
https://cdn.heinemann-shop.com/images/h05/hcb/9173139914782.jpg,Pago de los Capellanes,"Pago de los Capellanes, Crianza, Ribera del Duero, DO, dry, red, 0.75L",0.75 l (€31.87 / 1 l),€23.90
https://cdn.heinemann-shop.com/images/hd9/hdb/9345369767966.jpg,Louis Jadot,"Louis Jadot, Gevrey-Chambertin, AOC, dry, red 0.75L",0.75 l (€70.53 / 1 l),from €52.90
https://cdn.heinemann-shop.com/images/h98/h52/9180858613790.jpg,Protos,"Protos, Reserva, Ribera del Duero, dry, red 0.75L",0.75 l (€32.67 / 1 l),€24.50
https://cdn.heinemann-shop.com/images/h86/hbc/9173027946526.jpg,Finca Museum,"Finca Museum, Reserva, Cigales, DO, dry, red, 0.75L",0.75 l (€21.20 / 1 l),€15.90
https://cdn.heinemann-shop.com/images/h2e/h7b/9330224529438.jpg,Luce della Vite,"Luce della Vite, Tuscany, IGP, dry, red 0.75L",0.75 l (€117.20 / 1 l),€87.90
https://cdn.heinemann-shop.com/images/hd9/ha1/9176831492126.jpg,Ruffino,"Ruffino, Il Leo, Chianti Superiore, DOCG, dry, red, 0.75L",0.75 l (€14.53 / 1 l),€10.90
https://cdn.heinemann-shop.com/images/hbf/hdf/9331459751966.jpg,Montecillo,"Montecillo, Gran Reserva, Rioja, dry, red 0.75L",0.75 l (€26.53 / 1 l),€19.90
https://cdn.heinemann-shop.com/images/he9/h24/9176819662878.jpg,Serego Alighieri,"Serego Aligheri, Vaio, Amarone della Valpolicella Classico, Vaio, Amarone della Valpolicella Classico, DOCG, dry, red, 0.75L",0.75 l (€66.53 / 1 l),€49.90
https://cdn.heinemann-shop.com/images/hce/h27/9176696029214.jpg,Hardy's,"Hardy's, Varietal Range, Cabernet Sauvignon, dry, red (Bag in Box) 3L",3 l (€5.97 / 1 l),€17.90
https://cdn.heinemann-shop.com/images/h01/hb6/9489014620190.jpg,Ornellaia,"Ornellaia, Le Serre Nuove, Bolgheri, DOC, dry, red (Giftbox) 0.75L",0.75 l (€59.87 / 1 l),€44.90
https://cdn.heinemann-shop.com/images/h71/h7f/9176614535198.jpg,Bersano,"Bersano, Barbaresco, Mantico, DOCG, dry, red, 0.75L",0.75 l (€30.53 / 1 l),€22.90
https://cdn.heinemann-shop.com/images/h6f/hee/9330671714334.jpg,Antinori,"Antinori, Pèppoli, Chianti Classico, DOCG, dry, red, 0.75L",0.75 l (€21.20 / 1 l),€15.90
https://cdn.heinemann-shop.com/images/haf/h51/9331296796702.jpg,Marchesi di Barolo,"Marchesi di Barolo, Barolo, Cannubi, DOCG, dry, red, 0.75L",0.75 l (€58.53 / 1 l),€43.90
https://cdn.heinemann-shop.com/images/he3/h8b/9176540184606.jpg,Prunotto,"Prunotto, Barbera d'Alba, DOC, dry, red, 0.75L",0.75 l (€18.53 / 1 l),€13.90
https://cdn.heinemann-shop.com/images/h71/h35/8969096134686.jpg,Tommasi,"Tommasi, Fiorato, Recioto delle Vapolicella, DOC, dry, red 0.375L",0.375 l (€50.40 / 1 l),€18.90
https://cdn.heinemann-shop.com/images/h49/h80/9338101039134.jpg,Barton & Guestier,"Barton & Guestier, Les Charmes de Magnol, Médoc, AOC, dry, red, 0.75L (gift box)",0.75 l (€21.20 / 1 l),€15.90
https://cdn.heinemann-shop.com/images/h8d/he5/9329331896350.jpg,Barón de Ley,"Barón de Ley, Gran Reserva, Rioja, DOCa, dry, red 0.75L",0.75 l (€25.20 / 1 l),€18.90
https://cdn.heinemann-shop.com/images/h9f/h30/9180746776606.jpg,Marqués de Riscal,"Marqués de Riscal, Reserva, Rioja, dry, red, 1.5L",1.5 l (€21.27 / 1 l),€31.90
https://cdn.heinemann-shop.com/images/h22/h1f/9429600829470.jpg,Frescobaldi,"Frescobaldi, Nipozzano, Chianti Rùfina, DOCG, dry, red 0.75L",0.75 l (€19.87 / 1 l),from €14.90
https://cdn.heinemann-shop.com/images/hb0/h60/9180430434334.jpg,Caliterra,"Caliterra, Reserva, Merlot, Colchagua, DO, dry, red (screw cap), 0.75L",0.75 l (€12.40 / 1 l),€9.30
https://cdn.heinemann-shop.com/images/h99/h10/9330631868446.jpg,Frescobaldi,"Frescobaldi, Mormoreto, Tuscany, IGP, dry, red 0.75L",0.75 l (€63.87 / 1 l),€47.90
https://cdn.heinemann-shop.com/images/ha4/h07/9390180270110.jpg,Bottega,"Bottega, Amarone della Valpolicella Classico, DOCG, dry, red, 0.75L",0.75 l (€45.20 / 1 l),€33.90
https://cdn.heinemann-shop.com/images/h26/h62/9176739348510.jpg,Boschendal,"Boschendal, 1685, Shiraz, Wine of Origin, Coastal Region, dry, red, 0.75L",0.75 l (€19.87 / 1 l),€14.90
https://cdn.heinemann-shop.com/images/h05/he9/9330739249182.jpg,Marqués de Riscal,"Marqués de Riscal, Gran Reserva, Rioja, dry, red, 0.75L",0.75 l (€43.87 / 1 l),€32.90
https://cdn.heinemann-shop.com/images/hfc/h2a/9373449158686.jpg,Penfolds,"Penfolds, BIN 389, Cabernet/Shiraz, South Australia, dry, red (gift box) 0.75L",0.75 l (€106.53 / 1 l),€79.90
https://cdn.heinemann-shop.com/images/h8b/h24/9330956828702.jpg,Lindemans,"Lindemans, BIN 45, Cabernet Sauvignon, dry, red (screw cap) 0.75 L",0.75 l (€10.53 / 1 l),€7.90
https://cdn.heinemann-shop.com/images/h17/hed/9329701715998.jpg,Guigal,"Guigal, Côte-Rôtie, AC, dry, red 0.75L",0.75 l (€62.53 / 1 l),€46.90
https://cdn.heinemann-shop.com/images/h7f/haa/9176754552862.jpg,Mouton Cadet,"Baron Philippe de Rothschild, Mouton Cadet Réserve, Pauillac, AOC, dry, red, 0.75L",0.75 l (€37.20 / 1 l),€27.90
https://cdn.heinemann-shop.com/images/he4/hff/9224740274206.jpg,Montecillo,"Montecillo, Gran Reserva Selección Especial, Rioja, dry, red 0.75L",0.75 l (€50.53 / 1 l),€37.90
https://cdn.heinemann-shop.com/images/h3f/h5d/9373457416222.jpg,Errázuriz,"Errázuriz, Max Reserva, Carménère, Aconcagua, DO, dry, red, 0.75L",0.75 l (€19.87 / 1 l),€14.90
https://cdn.heinemann-shop.com/images/h52/hb2/9305970704414.jpg,Desc. de J. Palacios,"Descendants of J. Palacios, Pétalos del Bierzo, Bierzo, DO, dry, red, 0.75L",0.75 l (€19.33 / 1 l),€14.50
https://cdn.heinemann-shop.com/images/h39/h5f/9177262686238.jpg,Castello Banfi,"Castello Banfi, Chianti Classico Riserva, DOCG, red, 0.75L",0.75 l (€19.33 / 1 l),from €14.50
https://cdn.heinemann-shop.com/images/h1f/haf/8934904004638.jpg,Villa Girardi,"Villa Girardi, Amarone della Valpolicella Classico, DOCG, red, dry, 0.75L",0.75 l (€46.53 / 1 l),€34.90
https://cdn.heinemann-shop.com/images/hae/h3e/8935036846110.jpg,Villa Girardi,"Villa Girardi, Bure Alto, Ripasso Valpolicella Classico, DOC, red, dry, 0.75L",0.75 l (€23.33 / 1 l),€17.50
https://cdn.heinemann-shop.com/images/h2f/h15/9327955673118.jpg,Masi,"Masi, Nectar Campofiorin, Rosso del Veronese, IGP, dry, red, 0.75L",0.75 l (€21.20 / 1 l),€15.90
https://cdn.heinemann-shop.com/images/h3f/ha4/9395615825950.jpg,Domaines Barons de Rothschild,"Domaines Barons de Rothschild, Légende R, Médoc, AOC, dry, red, 0.75L",0.75 l (€22.53 / 1 l),€16.90
https://cdn.heinemann-shop.com/images/h59/hdf/9370592542750.jpg,Louis Jadot,"Louis Jadot, Beaune, Premier Cru, Les Avaux, AOC, dry, red 0.75L",0.75 l (€61.20 / 1 l),€45.90
https://cdn.heinemann-shop.com/images/h25/h62/9327787212830.jpg,Gianni Gagliardo,"Gianni Gagliardo, Barolo, DOCG, dry, red 0.75L",0.75 l (€45.20 / 1 l),€33.90
https://cdn.heinemann-shop.com/images/hcb/h9f/9327840690206.jpg,Allesverloren,"Allesverloren, Shiraz, Wine of Origin, Swartland, dry, red, 0.75L",0.75 l (€15.07 / 1 l),€11.30
https://cdn.heinemann-shop.com/images/h58/he4/8930853224478.jpg,Tommasi,"Tommasi, Rafael, Valpolicella Classico Superiore, DOC, dry, red 0.75L",0.75 l (€19.33 / 1 l),€14.50
https://cdn.heinemann-shop.com/images/h74/hd4/9177116147742.jpg,Hardy's,"Hardy's, William Hardy, Premium Selection, Shiraz, Langhorne Creek, dry, red (screw cap) , 0.75L",0.75 l (€13.20 / 1 l),€9.90
https://cdn.heinemann-shop.com/images/h31/h2a/9176501944350.jpg,Masi,"Masi, Grandarella, Appassimento, Rosso delle Venezie, IGP, dry, red 0.75L",0.75 l (€28.67 / 1 l),€21.50
https://cdn.heinemann-shop.com/images/hf2/hc3/8931146432542.jpg,Tommasi,"Tommasi, Graticcio, Appassionato Vino d'Italia, dry, red 0.75L",0.75 l (€13.20 / 1 l),€9.90
https://cdn.heinemann-shop.com/images/h6f/hff/9180538634270.jpg,La Motte,"La Motte, Pierneef, Shiraz-Viognier, Wine of Origin, Western Cape, dry, 0.75L",0.75 l (€24.67 / 1 l),€18.50
https://cdn.heinemann-shop.com/images/h62/hc1/9327797567518.jpg,Masi,"Masi, Nectar Costasera, Amarone della Valpolicella Classico, DOCG, dry, red, 0.75L",0.75 l (€38.53 / 1 l),from €28.90
https://cdn.heinemann-shop.com/images/hc7/h24/9177155600414.jpg,Nederburg,"Nederburg, The Winemaster's, Merlot, Wine of Origin, Western Cape, dry, red 0.75L",0.75 l (€9.20 / 1 l),€6.90
https://cdn.heinemann-shop.com/images/h82/hf0/9375512428574.jpg,Penfolds,"Penfolds, BIN 28, Kalimna, Shiraz, South Australia, dry, red 0.75L",0.75 l (€46.53 / 1 l),€34.90
https://cdn.heinemann-shop.com/images/hbe/hc9/9327771222046.jpg,Bellingham,"Bellingham, Bernard Series, Bush Vine, Pinotage, Wine of Origin, CoastalRegion, dry, red, 0.75L",0.75 l (€25.20 / 1 l),€18.90
https://cdn.heinemann-shop.com/images/haf/h5f/9390189314078.jpg,Allegrini,"Allegrini, Belpasso, Rosso del Veronese, IGP, dry, red, (Bag in box), 3L",3 l (€8.63 / 1 l),€25.90
https://cdn.heinemann-shop.com/images/h39/ha1/9390188855326.jpg,Allegrini,"Allegrini, La Grola, Rosso del Veronese, Venetien, IGP, dry, red , 0.75L",0.75 l (€26.53 / 1 l),€19.90
https://cdn.heinemann-shop.com/images/h15/h4e/9176954044446.jpg,J. Christopher,"J. Christopher, Pinot Noir, Willamette Valley, Oregon, red, dry, 0.75L",0.75 l (€42.53 / 1 l),€31.90
https://cdn.heinemann-shop.com/images/hc2/he0/9176729485342.jpg,Famille Perrin,"Famille Perrin, Gigondas, La Gille, AOC, dry, red, 0.75L",0.75 l (€26.53 / 1 l),€19.90
https://cdn.heinemann-shop.com/images/h51/h53/9346987163678.jpg,Bouchard Père & Fils,"Bouchard Père & Fils, Côtes de Beaune Villages, AOC, dry, red, 0.75L",0.75 l (€26.53 / 1 l),€19.90
https://cdn.heinemann-shop.com/images/h5c/h61/9327693922334.jpg,Château Palmer,"Château Palmer, Margaux, AOC, 3ème Grand Cru Classé en Médoc, dry, red 0.75L",0.75 l (€461.20 / 1 l),from €345.90
https://cdn.heinemann-shop.com/images/h95/h55/9435839987742.jpg,Planeta,"Planeta, Maraccoli, Syrah, Sicilia, DOC, dry, red, 0.75L",0.75 l (€24.67 / 1 l),€18.50
https://cdn.heinemann-shop.com/images/h5f/h1e/9327731474462.jpg,Guigal,"Guigal, Châteauneuf-du-Pape, AOC dry red, 0.75L",0.75 l (€53.20 / 1 l),€39.90
https://cdn.heinemann-shop.com/images/hab/h30/9357997965342.jpg,Marchesi di Barolo,"Marchesi di Barolo, Barbaresco, DOCG, dry, red, 0.75L",0.75 l (€30.53 / 1 l),€22.90
https://cdn.heinemann-shop.com/images/h44/h3a/9330095652894.jpg,Cune,"Cune, Crianza, Rioja, dry, red 0.75L",0.75 l (€12.67 / 1 l),€9.50
https://cdn.heinemann-shop.com/images/h31/h75/9176578850846.jpg,Guigal,"Guigal, Crozes-Hermitage, AOC, dry, red 0.75L",0.75 l (€23.87 / 1 l),€17.90
https://cdn.heinemann-shop.com/images/hc0/h67/9034790305822.jpg,Tommasi,"Tommasi, Amarone della Valpolicella Classico, DOCG, dry, red 0.75L",0.75 l (€46.53 / 1 l),€34.90
https://cdn.heinemann-shop.com/images/h90/hfc/9180627501086.jpg,Bouchard Père & Fils,"Bouchard Père & Fils, Pinot Noir, Réserve du Château, Bourgogne, AOC, dry, red (gift box) 0.75L",0.75 l (€23.87 / 1 l),€17.90
https://cdn.heinemann-shop.com/images/he3/h33/9416527413278.jpg,Ornellaia,"Ornellaia, Le Volte, Tuscany, IGP, dry, red 0.75L",0.75 l (€25.20 / 1 l),€18.90
https://cdn.heinemann-shop.com/images/h24/h19/9176738594846.jpg,Peter Lehmann,"Peter Lehmann, Barossa, Shiraz, dry, red 0.75L",0.75 l (€15.87 / 1 l),€11.90
https://cdn.heinemann-shop.com/images/hd1/he6/9176935825438.jpg,Torres,"Torres, Celeste, Crianza, Ribera del Duero, dry, red, 0.75L",0.75 l (€19.87 / 1 l),€14.90
https://cdn.heinemann-shop.com/images/h82/hf5/9329560158238.jpg,Antinori,"Antinori, Tenute Marchese Antinori, Chianti Classico, Riserva, DOCG, dry, red, 0.75L",0.75 l (€39.87 / 1 l),from €29.90
https://cdn.heinemann-shop.com/images/h86/ha2/9177287065630.jpg,Anselmann,"Anselmann, Dornfelder Classic, QbA, Palatinate, dry, red, 0.75L",0.75 l (€10.53 / 1 l),€7.90
https://cdn.heinemann-shop.com/images/h8e/hed/9329386455070.jpg,Guigal,"Guigal, Gigondas, AOC, dry, red 0.75L",0.75 l (€30.53 / 1 l),€22.90
https://cdn.heinemann-shop.com/images/h4c/hd6/9330001608734.jpg,Ruffino,"Ruffino, Riserva Ducale, Chianti Classico, Riserva, DOCG, dry, red, 0.75L",0.75 l (€22.53 / 1 l),from €16.90
https://cdn.heinemann-shop.com/images/hc6/h54/9462888431646.jpg,Campo Viejo,Campo Viejo Gran Reserva 0.75L,0.75 l (€22.53 / 1 l),€16.90
https://cdn.heinemann-shop.com/images/h91/ha6/9369085935646.jpg,Marqués de Cáceres,"Marqués de Cáceres, Gran Reserva, Rioja, dry, red, 0.75L",0.75 l (€29.20 / 1 l),€21.90
https://cdn.heinemann-shop.com/images/h9b/hae/9330073698334.jpg,Mouton Cadet,"Baron Philippe de Rothschild, Mouton Cadet Réserve, Médoc, AOC, dry, red, 0.75L",0.75 l (€19.87 / 1 l),€14.90
https://cdn.heinemann-shop.com/images/haf/h88/9177113886750.jpg,Bach,"Bach, Viña Extrisima, Penedès, DO, dry, red, 0.75L",0.75 l (€6.00 / 1 l),€4.50
https://cdn.heinemann-shop.com/images/h7a/h94/9462890561566.jpg,Jacob's Creek,Jacob's Creek Shiraz Cabernet 0.75L,0.75 l (€13.73 / 1 l),€10.30
https://cdn.heinemann-shop.com/images/h02/h4f/9180601810974.jpg,Niepoort,"Niepoort, Fabelaktig, Douro, DOC, dry, red, 0.75L",0.75 l (€13.20 / 1 l),€9.90
https://cdn.heinemann-shop.com/images/hbd/h88/9325333413918.jpg,Antinori,"Antinori, La Braccesca, Vino Nobile di Montepulciano, DOCG, dry, red 0.75L",0.75 l (€23.87 / 1 l),€17.90
https://cdn.heinemann-shop.com/images/hc9/h2a/9369083215902.jpg,Marqués de Cáceres,"Marqués de Cáceres, Reserva, Rioja, dry, red, 0.75L",0.75 l (€19.87 / 1 l),€14.90
https://cdn.heinemann-shop.com/images/h94/hdc/9341102817310.jpg,Antinori,"Antinori, Tignanello, Toscana, IGP, dry, red, 0.75L",0.75 l (€127.87 / 1 l),€95.90
https://cdn.heinemann-shop.com/images/h8e/h05/9180517335070.jpg,Torres,"Torres, Sangre de Toro, Original, Penedès, DO, dry, red (screw cap) 0.75L",0.75 l (€9.73 / 1 l),€7.30
https://cdn.heinemann-shop.com/images/h2b/h6e/9329887903774.jpg,Cune,"Cune, Reserva, Rioja, dry, red 0.75L",0.75 l (€17.20 / 1 l),€12.90
https://cdn.heinemann-shop.com/images/he6/h8d/9176924356638.jpg,Torres,"Torres, Sangre de Toro, Reserva, Penedès, DO, dry, red 0.75L",0.75 l (€16.40 / 1 l),€12.30
https://cdn.heinemann-shop.com/images/hd5/he5/9369086885918.jpg,Marqués de Cáceres,"Marqués de Cáceres, Crianza, Rioja, dry, red (screw cap) 0.75L",0.75 l (€12.67 / 1 l),€9.50
https://cdn.heinemann-shop.com/images/h49/h57/9240875466782.jpg,Masi,"Masi, Bonacosta, Valpolicella Classico, DOC, dry, red, 0.75L",0.75 l (€14.00 / 1 l),€10.50
https://cdn.heinemann-shop.com/images/h44/h0e/9329199448094.jpg,Masi,"Masi, Campofiorin, Rosso del Veronese, Veneto, IGP, dry, red, 0.75L",0.75 l (€15.33 / 1 l),from €11.50
https://cdn.heinemann-shop.com/images/h2a/h26/9498026115102.jpg,Ornellaia,"Ornellaia, Bolgheri, DOC Superiore, dry, red, 0.75L",0.75 l (€239.87 / 1 l),from €179.90
https://cdn.heinemann-shop.com/images/h29/h6a/9180821487646.jpg,Protos,"Protos, Crianza, Ribera del Duero, dry, red 0.75L",0.75 l (€21.20 / 1 l),from €15.90
https://cdn.heinemann-shop.com/images/h16/hf4/9180417556510.jpg,Protos,"Protos, Gran Reserva, Ribera del Duero, dry, red 0.75L",0.75 l (€50.53 / 1 l),€37.90
https://cdn.heinemann-shop.com/images/hdd/hc3/9176720408606.jpg,Masi,"Masi, Campofiorin, Rosso del Veronese, Veneto, IGP, dry, red, 1.5L",1.5 l (€15.93 / 1 l),€23.90
https://cdn.heinemann-shop.com/images/h60/h15/9329024663582.jpg,Guigal,"Guigal, Côtes du Rhône, AOC, dry, red 0.75L",0.75 l (€15.33 / 1 l),€11.50
https://cdn.heinemann-shop.com/images/h5d/h87/9176673255454.jpg,Osborne,"Osborne, Solaz, Tempranillo/Cabernet Sauvignon, Vino de la Tierra, Castilla-La Mancha, dry, red 0.75L",0.75 l (€6.27 / 1 l),€4.70
https://cdn.heinemann-shop.com/images/hdd/h26/9176887033886.jpg,Allesverloren,"Allesverloren, Touriga Nacional, Wine of Origin, Swartland, dry, red, 0:75L",0.75 l (€15.07 / 1 l),€11.30
https://cdn.heinemann-shop.com/images/h9b/he4/8929473986590.jpg,Schloss Proschwitz,"Schloss Proschwitz, Spätburgunder, QbA, Saxony, dry, red, 0.75L",0.75 l (€37.20 / 1 l),€27.90
https://cdn.heinemann-shop.com/images/h7d/h1a/9437016784926.jpg,Penfolds,"Penfolds, Koonunga Hill, Shiraz/Cabernet Sauvignon, dry, red (screw cap) 0.75 L",0.75 l (€14.53 / 1 l),€10.90
https://cdn.heinemann-shop.com/images/h85/h12/9176987959326.jpg,Château Magnol,"Château Magnol, Haut-Médoc, Cru Bourgeois, Bordeaux, dry, red, 0.375L",0.375 l (€34.40 / 1 l),€12.90
https://cdn.heinemann-shop.com/images/h02/h2a/8924803530782.jpg,Tommasi,"Tommasi, Ripasso della Valpolicella, DOC, dry, red 0.75L",0.75 l (€22.53 / 1 l),from €16.90
https://cdn.heinemann-shop.com/images/hbe/hec/9266218401822.jpg,Faustino,"Faustino, Faustino VII, Rioja, DO, dry, red 0.75L",0.75 l (€7.33 / 1 l),€5.50
https://cdn.heinemann-shop.com/images/h37/hab/9327698477086.jpg,Château Ferrande,"Château Ferrande, Graves, AOC, dry, red 0.75L",0.75 l (€22.53 / 1 l),€16.90
https://cdn.heinemann-shop.com/images/h76/hf2/8933379768350.jpg,Laroche,"Laroche, Menhir de Roqua, Languedoc, AOC, dry, red 0.75L",0.75 l (€18.53 / 1 l),€13.90
https://cdn.heinemann-shop.com/images/h0d/h62/9368255135774.jpg,Los Vascos,"Domaines Barons de Rothschild, Los Vascos, Grande Réserve, dry, red, 0.75L",0.75 l (€21.20 / 1 l),€15.90
https://cdn.heinemann-shop.com/images/h3f/h5d/9373457416222.jpg,Errázuriz,"Errázuriz, Max Reserva, Carménère, Aconcagua, DO, dry, red, 0.75L",0.75 l (€19.87 / 1 l),€14.90
https://cdn.heinemann-shop.com/images/h98/h61/9327858614302.jpg,Concha y Toro,"Concha y Toro, Marqués de Casa Concha, Merlot, Peumo, DO, dry, red 0.75L",0.75 l (€18.53 / 1 l),€13.90
https://cdn.heinemann-shop.com/images/hb7/hb9/9180436463646.jpg,Markus Schneider,"Markus Schneider, Black Print, QbA, Pfalz, dry, red, 0.75L",0.75 l (€19.87 / 1 l),€14.90
https://cdn.heinemann-shop.com/images/heb/hdd/9327735734302.jpg,Château Lafite Rothschild,"Château Lafite-Rothschild, Pauillac, AOC, 1er Grand Cru Classé en Médoc, dry, red, 0.75L","0.75 l (€1,306.53 / 1 l)",from €979.90
https://cdn.heinemann-shop.com/images/h1b/hca/9502464802846.jpg,Clos de l'Oratoire,"Clos de l'Oratoire des Papes, Châteauneuf du Pape, AOC, dry, red 0.75L",0.75 l (€51.87 / 1 l),€38.90
https://cdn.heinemann-shop.com/images/ha5/hfc/9327610429470.jpg,Château d'Armailhac,"Château d'Armailhac, Pauillac, AOP, 5ème Grand Cru Classé en Médoc, dry, red 0.75L",0.75 l (€106.53 / 1 l),from €79.90
https://cdn.heinemann-shop.com/images/hff/hf1/9176702812190.jpg,Albert Bichot,"Albert Bichot, Vosne-Romanée, AOC, dry, red, 0.75L",0.75 l (€79.87 / 1 l),€59.90
https://cdn.heinemann-shop.com/images/hb6/h93/9335670177822.jpg,Ramos Pinto,"Ramos Pinto, Duas Quintas, Douro, DOC, dry, red, 0.75L",0.75 l (€17.20 / 1 l),€12.90
https://cdn.heinemann-shop.com/images/hc3/h7e/9153382318110.jpg,La Motte,"La Motte, Hanneli R, Wine of Origin, Western Cape, dry, red 0.75L",0.75 l (€106.53 / 1 l),€79.90
https://cdn.heinemann-shop.com/images/h69/ha5/9176695275550.jpg,Albert Bichot,"Albert Bichot, Corton Grand Cru, AOC, dry, red, 0.75L",0.75 l (€119.87 / 1 l),€89.90
https://cdn.heinemann-shop.com/images/h60/h36/9305990561822.jpg,Torres,"Torres, Sangre de Toro, Barrel Aged, Penedès, DO, dry, red (bag in box) 1.5L",1.5 l (€12.60 / 1 l),€18.90
https://cdn.heinemann-shop.com/images/he6/hdd/9462878732318.jpg,Jacob's Creek,"Jacob's Creek, Winemaker Reserve, Shiraz, Barossa, dry, red (screw cap) 0.75L",0.75 l (€21.20 / 1 l),€15.90
https://cdn.heinemann-shop.com/images/h52/hb2/9305970704414.jpg,Desc. de J. Palacios,"Descendants of J. Palacios, Pétalos del Bierzo, Bierzo, DO, dry, red, 0.75L",0.75 l (€19.33 / 1 l),€14.50
https://cdn.heinemann-shop.com/images/h39/h5f/9177262686238.jpg,Castello Banfi,"Castello Banfi, Chianti Classico Riserva, DOCG, red, 0.75L",0.75 l (€19.33 / 1 l),from €14.50
https://cdn.heinemann-shop.com/images/h1f/haf/8934904004638.jpg,Villa Girardi,"Villa Girardi, Amarone della Valpolicella Classico, DOCG, red, dry, 0.75L",0.75 l (€46.53 / 1 l),€34.90
https://cdn.heinemann-shop.com/images/hae/h3e/8935036846110.jpg,Villa Girardi,"Villa Girardi, Bure Alto, Ripasso Valpolicella Classico, DOC, red, dry, 0.75L",0.75 l (€23.33 / 1 l),€17.50
https://cdn.heinemann-shop.com/images/h2f/h15/9327955673118.jpg,Masi,"Masi, Nectar Campofiorin, Rosso del Veronese, IGP, dry, red, 0.75L",0.75 l (€21.20 / 1 l),€15.90
https://cdn.heinemann-shop.com/images/h3f/ha4/9395615825950.jpg,Domaines Barons de Rothschild,"Domaines Barons de Rothschild, Légende R, Médoc, AOC, dry, red, 0.75L",0.75 l (€22.53 / 1 l),€16.90
https://cdn.heinemann-shop.com/images/h59/hdf/9370592542750.jpg,Louis Jadot,"Louis Jadot, Beaune, Premier Cru, Les Avaux, AOC, dry, red 0.75L",0.75 l (€61.20 / 1 l),€45.90
https://cdn.heinemann-shop.com/images/h25/h62/9327787212830.jpg,Gianni Gagliardo,"Gianni Gagliardo, Barolo, DOCG, dry, red 0.75L",0.75 l (€45.20 / 1 l),€33.90
https://cdn.heinemann-shop.com/images/hcb/h9f/9327840690206.jpg,Allesverloren,"Allesverloren, Shiraz, Wine of Origin, Swartland, dry, red, 0.75L",0.75 l (€15.07 / 1 l),€11.30
https://cdn.heinemann-shop.com/images/h58/he4/8930853224478.jpg,Tommasi,"Tommasi, Rafael, Valpolicella Classico Superiore, DOC, dry, red 0.75L",0.75 l (€19.33 / 1 l),€14.50
https://cdn.heinemann-shop.com/images/h74/hd4/9177116147742.jpg,Hardy's,"Hardy's, William Hardy, Premium Selection, Shiraz, Langhorne Creek, dry, red (screw cap) , 0.75L",0.75 l (€13.20 / 1 l),€9.90
https://cdn.heinemann-shop.com/images/h31/h2a/9176501944350.jpg,Masi,"Masi, Grandarella, Appassimento, Rosso delle Venezie, IGP, dry, red 0.75L",0.75 l (€28.67 / 1 l),€21.50
https://cdn.heinemann-shop.com/images/hf2/hc3/8931146432542.jpg,Tommasi,"Tommasi, Graticcio, Appassionato Vino d'Italia, dry, red 0.75L",0.75 l (€13.20 / 1 l),€9.90
https://cdn.heinemann-shop.com/images/h6f/hff/9180538634270.jpg,La Motte,"La Motte, Pierneef, Shiraz-Viognier, Wine of Origin, Western Cape, dry, 0.75L",0.75 l (€24.67 / 1 l),€18.50
https://cdn.heinemann-shop.com/images/h62/hc1/9327797567518.jpg,Masi,"Masi, Nectar Costasera, Amarone della Valpolicella Classico, DOCG, dry, red, 0.75L",0.75 l (€38.53 / 1 l),from €28.90
https://cdn.heinemann-shop.com/images/hc7/h24/9177155600414.jpg,Nederburg,"Nederburg, The Winemaster's, Merlot, Wine of Origin, Western Cape, dry, red 0.75L",0.75 l (€9.20 / 1 l),€6.90
https://cdn.heinemann-shop.com/images/h82/hf0/9375512428574.jpg,Penfolds,"Penfolds, BIN 28, Kalimna, Shiraz, South Australia, dry, red 0.75L",0.75 l (€46.53 / 1 l),€34.90
https://cdn.heinemann-shop.com/images/hbe/hc9/9327771222046.jpg,Bellingham,"Bellingham, Bernard Series, Bush Vine, Pinotage, Wine of Origin, CoastalRegion, dry, red, 0.75L",0.75 l (€25.20 / 1 l),€18.90
https://cdn.heinemann-shop.com/images/haf/h5f/9390189314078.jpg,Allegrini,"Allegrini, Belpasso, Rosso del Veronese, IGP, dry, red, (Bag in box), 3L",3 l (€8.63 / 1 l),€25.90
https://cdn.heinemann-shop.com/images/h39/ha1/9390188855326.jpg,Allegrini,"Allegrini, La Grola, Rosso del Veronese, Venetien, IGP, dry, red , 0.75L",0.75 l (€26.53 / 1 l),€19.90
https://cdn.heinemann-shop.com/images/h15/h4e/9176954044446.jpg,J. Christopher,"J. Christopher, Pinot Noir, Willamette Valley, Oregon, red, dry, 0.75L",0.75 l (€42.53 / 1 l),€31.90
https://cdn.heinemann-shop.com/images/hc2/he0/9176729485342.jpg,Famille Perrin,"Famille Perrin, Gigondas, La Gille, AOC, dry, red, 0.75L",0.75 l (€26.53 / 1 l),€19.90
https://cdn.heinemann-shop.com/images/h51/h53/9346987163678.jpg,Bouchard Père & Fils,"Bouchard Père & Fils, Côtes de Beaune Villages, AOC, dry, red, 0.75L",0.75 l (€26.53 / 1 l),€19.90
https://cdn.heinemann-shop.com/images/h5c/h61/9327693922334.jpg,Château Palmer,"Château Palmer, Margaux, AOC, 3ème Grand Cru Classé en Médoc, dry, red 0.75L",0.75 l (€461.20 / 1 l),from €345.90
https://cdn.heinemann-shop.com/images/h95/h55/9435839987742.jpg,Planeta,"Planeta, Maraccoli, Syrah, Sicilia, DOC, dry, red, 0.75L",0.75 l (€24.67 / 1 l),€18.50
https://cdn.heinemann-shop.com/images/h5f/h1e/9327731474462.jpg,Guigal,"Guigal, Châteauneuf-du-Pape, AOC dry red, 0.75L",0.75 l (€53.20 / 1 l),€39.90
https://cdn.heinemann-shop.com/images/hab/h30/9357997965342.jpg,Marchesi di Barolo,"Marchesi di Barolo, Barbaresco, DOCG, dry, red, 0.75L",0.75 l (€30.53 / 1 l),€22.90
https://cdn.heinemann-shop.com/images/h3e/h77/9177044779038.jpg,Gianni Gagliardo,"Gianni Gagliardo, Madama, Barbera d'Alba, DOC, dry, red 0.75L",0.75 l (€16.67 / 1 l),€12.50
https://cdn.heinemann-shop.com/images/hc4/h7a/9327588900894.jpg,Antinori,"Antinori, Tenuta Guado al Tasso, Bolgheri, DOC, dry, red",0.75 l (€133.20 / 1 l),€99.90
https://cdn.heinemann-shop.com/images/hbb/h0d/9176877989918.jpg,Two Oceans,"Two Oceans Cabernet Sauvignon/Merlot, Wine of Origin, Western Cape, dry, red 0.75L",0.75 l (€7.33 / 1 l),€5.50
https://cdn.heinemann-shop.com/images/h70/hb2/9180523364382.jpg,Boekenhoutskloof,"Boekenhoutskloof, The Wolftrap, Syrah/Mourvèdre/Viognier, Wine of Origin, Western Cape, dry, red , 0.75L",0.75 l (€10.27 / 1 l),€7.70
https://cdn.heinemann-shop.com/images/hf4/ha7/8955335016478.jpg,Tommasi,"Tommasi, Masseria Surani, Heracles, Puglia, IGP, dry, red , 0.75L",0.75 l (€19.87 / 1 l),€14.90
https://cdn.heinemann-shop.com/images/h47/hce/9180382003230.jpg,Cusumano,"Cusumano, Nero d'Avola, Terre Sicilane, IGT, dry, red, 0.75L",0.75 l (€14.00 / 1 l),€10.50
https://cdn.heinemann-shop.com/images/ha1/hc4/9268152303646.jpg,Pfaffl,"Pfaffl, Zweigelt, Burg, Niederösterreich, QbA, dry, red 0.75L",0.75 l (€30.53 / 1 l),€22.90
https://cdn.heinemann-shop.com/images/h7f/hea/9180386525214.jpg,Cusumano,"Cusumano, Benuara, Terre Sicilane, IGT, dry, red, 0.75L",0.75 l (€15.87 / 1 l),€11.90
https://cdn.heinemann-shop.com/images/hcb/he0/9180447014942.jpg,Fabre Montmayou,"Fabre Montmayou, Merlot, Gran Reserva, Patagonia, dry, red, 0.75L",0.75 l (€32.67 / 1 l),€24.50
https://cdn.heinemann-shop.com/images/h3c/h7f/9328021241886.jpg,Château Cambon La Pelouse,"Château Cambon La Pelouse, Haut-Médoc, Cru Bourgeois, dry, red 0.75L",0.75 l (€29.20 / 1 l),from €21.90
https://cdn.heinemann-shop.com/images/hd8/h9e/9328062562334.jpg,Château Palmer,"Château Palmer, Margaux, AOC, 3ème Grand Cru Classé en Médoc, dry, red, 0.75L",0.75 l (€399.87 / 1 l),from €299.90
https://cdn.heinemann-shop.com/images/he8/h62/9327931719710.jpg,Grant Burge,"Grant Burge, The Holy Trinity, Grenache Syrah Mourvèdre, Barossa, dry, red, 0.75L",0.75 l (€37.20 / 1 l),€27.90
https://cdn.heinemann-shop.com/images/h78/h8c/9390184824862.jpg,Allegrini,"Allegrini, Corte Giara, Amarone della Valpolicella, La Groletta, DOCG, dry, red 0.75L",0.75 l (€38.00 / 1 l),€28.50
https://cdn.heinemann-shop.com/images/h92/h87/9390176436254.jpg,Allegrini,"Allegrini, Palazzo della Torre, Rosso del Veronese, IGT, dry, red, 0.75L",0.75 l (€22.53 / 1 l),€16.90
https://cdn.heinemann-shop.com/images/h24/h6c/9180758409246.jpg,Torres,"Torres, Purgatori, Costers del Segre, DO, dry, red 0.75L",0.75 l (€31.87 / 1 l),from €23.90
https://cdn.heinemann-shop.com/images/h39/h38/9357985480734.jpg,Pesquera,"Pesquera, Reserva, Ribera del Duero, DO, dry, red, 0,75L",0.75 l (€43.33 / 1 l),€32.50
https://cdn.heinemann-shop.com/images/h44/h3a/9330095652894.jpg,Cune,"Cune, Crianza, Rioja, dry, red 0.75L",0.75 l (€12.67 / 1 l),€9.50
https://cdn.heinemann-shop.com/images/h31/h75/9176578850846.jpg,Guigal,"Guigal, Crozes-Hermitage, AOC, dry, red 0.75L",0.75 l (€23.87 / 1 l),€17.90
https://cdn.heinemann-shop.com/images/hc0/h67/9034790305822.jpg,Tommasi,"Tommasi, Amarone della Valpolicella Classico, DOCG, dry, red 0.75L",0.75 l (€46.53 / 1 l),€34.90
https://cdn.heinemann-shop.com/images/h90/hfc/9180627501086.jpg,Bouchard Père & Fils,"Bouchard Père & Fils, Pinot Noir, Réserve du Château, Bourgogne, AOC, dry, red (gift box) 0.75L",0.75 l (€23.87 / 1 l),€17.90
https://cdn.heinemann-shop.com/images/he3/h33/9416527413278.jpg,Ornellaia,"Ornellaia, Le Volte, Tuscany, IGP, dry, red 0.75L",0.75 l (€25.20 / 1 l),€18.90
https://cdn.heinemann-shop.com/images/h24/h19/9176738594846.jpg,Peter Lehmann,"Peter Lehmann, Barossa, Shiraz, dry, red 0.75L",0.75 l (€15.87 / 1 l),€11.90
https://cdn.heinemann-shop.com/images/hd1/he6/9176935825438.jpg,Torres,"Torres, Celeste, Crianza, Ribera del Duero, dry, red, 0.75L",0.75 l (€19.87 / 1 l),€14.90
https://cdn.heinemann-shop.com/images/h82/hf5/9329560158238.jpg,Antinori,"Antinori, Tenute Marchese Antinori, Chianti Classico, Riserva, DOCG, dry, red, 0.75L",0.75 l (€39.87 / 1 l),from €29.90
https://cdn.heinemann-shop.com/images/h86/ha2/9177287065630.jpg,Anselmann,"Anselmann, Dornfelder Classic, QbA, Palatinate, dry, red, 0.75L",0.75 l (€10.53 / 1 l),€7.90
https://cdn.heinemann-shop.com/images/h8e/hed/9329386455070.jpg,Guigal,"Guigal, Gigondas, AOC, dry, red 0.75L",0.75 l (€30.53 / 1 l),€22.90
https://cdn.heinemann-shop.com/images/h4c/hd6/9330001608734.jpg,Ruffino,"Ruffino, Riserva Ducale, Chianti Classico, Riserva, DOCG, dry, red, 0.75L",0.75 l (€22.53 / 1 l),from €16.90
https://cdn.heinemann-shop.com/images/hc6/h54/9462888431646.jpg,Campo Viejo,Campo Viejo Gran Reserva 0.75L,0.75 l (€22.53 / 1 l),€16.90
https://cdn.heinemann-shop.com/images/h91/ha6/9369085935646.jpg,Marqués de Cáceres,"Marqués de Cáceres, Gran Reserva, Rioja, dry, red, 0.75L",0.75 l (€29.20 / 1 l),€21.90
https://cdn.heinemann-shop.com/images/h9b/hae/9330073698334.jpg,Mouton Cadet,"Baron Philippe de Rothschild, Mouton Cadet Réserve, Médoc, AOC, dry, red, 0.75L",0.75 l (€19.87 / 1 l),€14.90
https://cdn.heinemann-shop.com/images/haf/h88/9177113886750.jpg,Bach,"Bach, Viña Extrisima, Penedès, DO, dry, red, 0.75L",0.75 l (€6.00 / 1 l),€4.50
https://cdn.heinemann-shop.com/images/h7a/h94/9462890561566.jpg,Jacob's Creek,Jacob's Creek Shiraz Cabernet 0.75L,0.75 l (€13.73 / 1 l),€10.30
https://cdn.heinemann-shop.com/images/h02/h4f/9180601810974.jpg,Niepoort,"Niepoort, Fabelaktig, Douro, DOC, dry, red, 0.75L",0.75 l (€13.20 / 1 l),€9.90
https://cdn.heinemann-shop.com/images/hbd/h88/9325333413918.jpg,Antinori,"Antinori, La Braccesca, Vino Nobile di Montepulciano, DOCG, dry, red 0.75L",0.75 l (€23.87 / 1 l),€17.90
https://cdn.heinemann-shop.com/images/hc9/h2a/9369083215902.jpg,Marqués de Cáceres,"Marqués de Cáceres, Reserva, Rioja, dry, red, 0.75L",0.75 l (€19.87 / 1 l),€14.90
https://cdn.heinemann-shop.com/images/h94/hdc/9341102817310.jpg,Antinori,"Antinori, Tignanello, Toscana, IGP, dry, red, 0.75L",0.75 l (€127.87 / 1 l),€95.90
https://cdn.heinemann-shop.com/images/h8e/h05/9180517335070.jpg,Torres,"Torres, Sangre de Toro, Original, Penedès, DO, dry, red (screw cap) 0.75L",0.75 l (€9.73 / 1 l),€7.30
https://cdn.heinemann-shop.com/images/h2b/h6e/9329887903774.jpg,Cune,"Cune, Reserva, Rioja, dry, red 0.75L",0.75 l (€17.20 / 1 l),€12.90
https://cdn.heinemann-shop.com/images/he6/h8d/9176924356638.jpg,Torres,"Torres, Sangre de Toro, Reserva, Penedès, DO, dry, red 0.75L",0.75 l (€16.40 / 1 l),€12.30
https://cdn.heinemann-shop.com/images/hd5/he5/9369086885918.jpg,Marqués de Cáceres,"Marqués de Cáceres, Crianza, Rioja, dry, red (screw cap) 0.75L",0.75 l (€12.67 / 1 l),€9.50
https://cdn.heinemann-shop.com/images/h49/h57/9240875466782.jpg,Masi,"Masi, Bonacosta, Valpolicella Classico, DOC, dry, red, 0.75L",0.75 l (€14.00 / 1 l),€10.50
https://cdn.heinemann-shop.com/images/h44/h0e/9329199448094.jpg,Masi,"Masi, Campofiorin, Rosso del Veronese, Veneto, IGP, dry, red, 0.75L",0.75 l (€15.33 / 1 l),from €11.50
https://cdn.heinemann-shop.com/images/h2a/h26/9498026115102.jpg,Ornellaia,"Ornellaia, Bolgheri, DOC Superiore, dry, red, 0.75L",0.75 l (€239.87 / 1 l),from €179.90
https://cdn.heinemann-shop.com/images/h29/h6a/9180821487646.jpg,Protos,"Protos, Crianza, Ribera del Duero, dry, red 0.75L",0.75 l (€21.20 / 1 l),from €15.90
https://cdn.heinemann-shop.com/images/h16/hf4/9180417556510.jpg,Protos,"Protos, Gran Reserva, Ribera del Duero, dry, red 0.75L",0.75 l (€50.53 / 1 l),€37.90
https://cdn.heinemann-shop.com/images/hdd/hc3/9176720408606.jpg,Masi,"Masi, Campofiorin, Rosso del Veronese, Veneto, IGP, dry, red, 1.5L",1.5 l (€15.93 / 1 l),€23.90
https://cdn.heinemann-shop.com/images/h60/h15/9329024663582.jpg,Guigal,"Guigal, Côtes du Rhône, AOC, dry, red 0.75L",0.75 l (€15.33 / 1 l),€11.50
https://cdn.heinemann-shop.com/images/h5d/h87/9176673255454.jpg,Osborne,"Osborne, Solaz, Tempranillo/Cabernet Sauvignon, Vino de la Tierra, Castilla-La Mancha, dry, red 0.75L",0.75 l (€6.27 / 1 l),€4.70
https://cdn.heinemann-shop.com/images/hdd/h26/9176887033886.jpg,Allesverloren,"Allesverloren, Touriga Nacional, Wine of Origin, Swartland, dry, red, 0:75L",0.75 l (€15.07 / 1 l),€11.30
https://cdn.heinemann-shop.com/images/h9b/he4/8929473986590.jpg,Schloss Proschwitz,"Schloss Proschwitz, Spätburgunder, QbA, Saxony, dry, red, 0.75L",0.75 l (€37.20 / 1 l),€27.90
https://cdn.heinemann-shop.com/images/h7d/h1a/9437016784926.jpg,Penfolds,"Penfolds, Koonunga Hill, Shiraz/Cabernet Sauvignon, dry, red (screw cap) 0.75 L",0.75 l (€14.53 / 1 l),€10.90
https://cdn.heinemann-shop.com/images/h85/h12/9176987959326.jpg,Château Magnol,"Château Magnol, Haut-Médoc, Cru Bourgeois, Bordeaux, dry, red, 0.375L",0.375 l (€34.40 / 1 l),€12.90
https://cdn.heinemann-shop.com/images/h02/h2a/8924803530782.jpg,Tommasi,"Tommasi, Ripasso della Valpolicella, DOC, dry, red 0.75L",0.75 l (€22.53 / 1 l),from €16.90
https://cdn.heinemann-shop.com/images/hbe/hec/9266218401822.jpg,Faustino,"Faustino, Faustino VII, Rioja, DO, dry, red 0.75L",0.75 l (€7.33 / 1 l),€5.50
https://cdn.heinemann-shop.com/images/h37/hab/9327698477086.jpg,Château Ferrande,"Château Ferrande, Graves, AOC, dry, red 0.75L",0.75 l (€22.53 / 1 l),€16.90
https://cdn.heinemann-shop.com/images/h76/hf2/8933379768350.jpg,Laroche,"Laroche, Menhir de Roqua, Languedoc, AOC, dry, red 0.75L",0.75 l (€18.53 / 1 l),€13.90
https://cdn.heinemann-shop.com/images/h0d/h62/9368255135774.jpg,Los Vascos,"Domaines Barons de Rothschild, Los Vascos, Grande Réserve, dry, red, 0.75L",0.75 l (€21.20 / 1 l),€15.90
https://cdn.heinemann-shop.com/images/h3f/h5d/9373457416222.jpg,Errázuriz,"Errázuriz, Max Reserva, Carménère, Aconcagua, DO, dry, red, 0.75L",0.75 l (€19.87 / 1 l),€14.90
https://cdn.heinemann-shop.com/images/h98/h61/9327858614302.jpg,Concha y Toro,"Concha y Toro, Marqués de Casa Concha, Merlot, Peumo, DO, dry, red 0.75L",0.75 l (€18.53 / 1 l),€13.90
https://cdn.heinemann-shop.com/images/hb7/hb9/9180436463646.jpg,Markus Schneider,"Markus Schneider, Black Print, QbA, Pfalz, dry, red, 0.75L",0.75 l (€19.87 / 1 l),€14.90
https://cdn.heinemann-shop.com/images/heb/hdd/9327735734302.jpg,Château Lafite Rothschild,"Château Lafite-Rothschild, Pauillac, AOC, 1er Grand Cru Classé en Médoc, dry, red, 0.75L","0.75 l (€1,306.53 / 1 l)",from €979.90
https://cdn.heinemann-shop.com/images/h1b/hca/9502464802846.jpg,Clos de l'Oratoire,"Clos de l'Oratoire des Papes, Châteauneuf du Pape, AOC, dry, red 0.75L",0.75 l (€51.87 / 1 l),€38.90
https://cdn.heinemann-shop.com/images/ha5/hfc/9327610429470.jpg,Château d'Armailhac,"Château d'Armailhac, Pauillac, AOP, 5ème Grand Cru Classé en Médoc, dry, red 0.75L",0.75 l (€106.53 / 1 l),from €79.90
https://cdn.heinemann-shop.com/images/hff/hf1/9176702812190.jpg,Albert Bichot,"Albert Bichot, Vosne-Romanée, AOC, dry, red, 0.75L",0.75 l (€79.87 / 1 l),€59.90
https://cdn.heinemann-shop.com/images/hb6/h93/9335670177822.jpg,Ramos Pinto,"Ramos Pinto, Duas Quintas, Douro, DOC, dry, red, 0.75L",0.75 l (€17.20 / 1 l),€12.90
https://cdn.heinemann-shop.com/images/hc3/h7e/9153382318110.jpg,La Motte,"La Motte, Hanneli R, Wine of Origin, Western Cape, dry, red 0.75L",0.75 l (€106.53 / 1 l),€79.90
https://cdn.heinemann-shop.com/images/h69/ha5/9176695275550.jpg,Albert Bichot,"Albert Bichot, Corton Grand Cru, AOC, dry, red, 0.75L",0.75 l (€119.87 / 1 l),€89.90
https://cdn.heinemann-shop.com/images/h60/h36/9305990561822.jpg,Torres,"Torres, Sangre de Toro, Barrel Aged, Penedès, DO, dry, red (bag in box) 1.5L",1.5 l (€12.60 / 1 l),€18.90
https://cdn.heinemann-shop.com/images/he6/hdd/9462878732318.jpg,Jacob's Creek,"Jacob's Creek, Winemaker Reserve, Shiraz, Barossa, dry, red (screw cap) 0.75L",0.75 l (€21.20 / 1 l),€15.90
https://cdn.heinemann-shop.com/images/h52/hb2/9305970704414.jpg,Desc. de J. Palacios,"Descendants of J. Palacios, Pétalos del Bierzo, Bierzo, DO, dry, red, 0.75L",0.75 l (€19.33 / 1 l),€14.50
https://cdn.heinemann-shop.com/images/h39/h5f/9177262686238.jpg,Castello Banfi,"Castello Banfi, Chianti Classico Riserva, DOCG, red, 0.75L",0.75 l (€19.33 / 1 l),from €14.50
https://cdn.heinemann-shop.com/images/h1f/haf/8934904004638.jpg,Villa Girardi,"Villa Girardi, Amarone della Valpolicella Classico, DOCG, red, dry, 0.75L",0.75 l (€46.53 / 1 l),€34.90
https://cdn.heinemann-shop.com/images/hae/h3e/8935036846110.jpg,Villa Girardi,"Villa Girardi, Bure Alto, Ripasso Valpolicella Classico, DOC, red, dry, 0.75L",0.75 l (€23.33 / 1 l),€17.50
https://cdn.heinemann-shop.com/images/h2f/h15/9327955673118.jpg,Masi,"Masi, Nectar Campofiorin, Rosso del Veronese, IGP, dry, red, 0.75L",0.75 l (€21.20 / 1 l),€15.90
https://cdn.heinemann-shop.com/images/h3f/ha4/9395615825950.jpg,Domaines Barons de Rothschild,"Domaines Barons de Rothschild, Légende R, Médoc, AOC, dry, red, 0.75L",0.75 l (€22.53 / 1 l),€16.90
https://cdn.heinemann-shop.com/images/h59/hdf/9370592542750.jpg,Louis Jadot,"Louis Jadot, Beaune, Premier Cru, Les Avaux, AOC, dry, red 0.75L",0.75 l (€61.20 / 1 l),€45.90
https://cdn.heinemann-shop.com/images/h25/h62/9327787212830.jpg,Gianni Gagliardo,"Gianni Gagliardo, Barolo, DOCG, dry, red 0.75L",0.75 l (€45.20 / 1 l),€33.90
https://cdn.heinemann-shop.com/images/hcb/h9f/9327840690206.jpg,Allesverloren,"Allesverloren, Shiraz, Wine of Origin, Swartland, dry, red, 0.75L",0.75 l (€15.07 / 1 l),€11.30
https://cdn.heinemann-shop.com/images/h58/he4/8930853224478.jpg,Tommasi,"Tommasi, Rafael, Valpolicella Classico Superiore, DOC, dry, red 0.75L",0.75 l (€19.33 / 1 l),€14.50
https://cdn.heinemann-shop.com/images/h74/hd4/9177116147742.jpg,Hardy's,"Hardy's, William Hardy, Premium Selection, Shiraz, Langhorne Creek, dry, red (screw cap) , 0.75L",0.75 l (€13.20 / 1 l),€9.90
https://cdn.heinemann-shop.com/images/h31/h2a/9176501944350.jpg,Masi,"Masi, Grandarella, Appassimento, Rosso delle Venezie, IGP, dry, red 0.75L",0.75 l (€28.67 / 1 l),€21.50
https://cdn.heinemann-shop.com/images/hf2/hc3/8931146432542.jpg,Tommasi,"Tommasi, Graticcio, Appassionato Vino d'Italia, dry, red 0.75L",0.75 l (€13.20 / 1 l),€9.90
https://cdn.heinemann-shop.com/images/h6f/hff/9180538634270.jpg,La Motte,"La Motte, Pierneef, Shiraz-Viognier, Wine of Origin, Western Cape, dry, 0.75L",0.75 l (€24.67 / 1 l),€18.50
https://cdn.heinemann-shop.com/images/h62/hc1/9327797567518.jpg,Masi,"Masi, Nectar Costasera, Amarone della Valpolicella Classico, DOCG, dry, red, 0.75L",0.75 l (€38.53 / 1 l),from €28.90
https://cdn.heinemann-shop.com/images/hc7/h24/9177155600414.jpg,Nederburg,"Nederburg, The Winemaster's, Merlot, Wine of Origin, Western Cape, dry, red 0.75L",0.75 l (€9.20 / 1 l),€6.90
https://cdn.heinemann-shop.com/images/h82/hf0/9375512428574.jpg,Penfolds,"Penfolds, BIN 28, Kalimna, Shiraz, South Australia, dry, red 0.75L",0.75 l (€46.53 / 1 l),€34.90
https://cdn.heinemann-shop.com/images/hbe/hc9/9327771222046.jpg,Bellingham,"Bellingham, Bernard Series, Bush Vine, Pinotage, Wine of Origin, CoastalRegion, dry, red, 0.75L",0.75 l (€25.20 / 1 l),€18.90
https://cdn.heinemann-shop.com/images/haf/h5f/9390189314078.jpg,Allegrini,"Allegrini, Belpasso, Rosso del Veronese, IGP, dry, red, (Bag in box), 3L",3 l (€8.63 / 1 l),€25.90
https://cdn.heinemann-shop.com/images/h39/ha1/9390188855326.jpg,Allegrini,"Allegrini, La Grola, Rosso del Veronese, Venetien, IGP, dry, red , 0.75L",0.75 l (€26.53 / 1 l),€19.90
https://cdn.heinemann-shop.com/images/h15/h4e/9176954044446.jpg,J. Christopher,"J. Christopher, Pinot Noir, Willamette Valley, Oregon, red, dry, 0.75L",0.75 l (€42.53 / 1 l),€31.90
https://cdn.heinemann-shop.com/images/hc2/he0/9176729485342.jpg,Famille Perrin,"Famille Perrin, Gigondas, La Gille, AOC, dry, red, 0.75L",0.75 l (€26.53 / 1 l),€19.90
https://cdn.heinemann-shop.com/images/h51/h53/9346987163678.jpg,Bouchard Père & Fils,"Bouchard Père & Fils, Côtes de Beaune Villages, AOC, dry, red, 0.75L",0.75 l (€26.53 / 1 l),€19.90
https://cdn.heinemann-shop.com/images/h5c/h61/9327693922334.jpg,Château Palmer,"Château Palmer, Margaux, AOC, 3ème Grand Cru Classé en Médoc, dry, red 0.75L",0.75 l (€461.20 / 1 l),from €345.90
https://cdn.heinemann-shop.com/images/h95/h55/9435839987742.jpg,Planeta,"Planeta, Maraccoli, Syrah, Sicilia, DOC, dry, red, 0.75L",0.75 l (€24.67 / 1 l),€18.50
https://cdn.heinemann-shop.com/images/h5f/h1e/9327731474462.jpg,Guigal,"Guigal, Châteauneuf-du-Pape, AOC dry red, 0.75L",0.75 l (€53.20 / 1 l),€39.90
https://cdn.heinemann-shop.com/images/hab/h30/9357997965342.jpg,Marchesi di Barolo,"Marchesi di Barolo, Barbaresco, DOCG, dry, red, 0.75L",0.75 l (€30.53 / 1 l),€22.90
https://cdn.heinemann-shop.com/images/h3e/h77/9177044779038.jpg,Gianni Gagliardo,"Gianni Gagliardo, Madama, Barbera d'Alba, DOC, dry, red 0.75L",0.75 l (€16.67 / 1 l),€12.50
https://cdn.heinemann-shop.com/images/hc4/h7a/9327588900894.jpg,Antinori,"Antinori, Tenuta Guado al Tasso, Bolgheri, DOC, dry, red",0.75 l (€133.20 / 1 l),€99.90
https://cdn.heinemann-shop.com/images/hbb/h0d/9176877989918.jpg,Two Oceans,"Two Oceans Cabernet Sauvignon/Merlot, Wine of Origin, Western Cape, dry, red 0.75L",0.75 l (€7.33 / 1 l),€5.50
https://cdn.heinemann-shop.com/images/h70/hb2/9180523364382.jpg,Boekenhoutskloof,"Boekenhoutskloof, The Wolftrap, Syrah/Mourvèdre/Viognier, Wine of Origin, Western Cape, dry, red , 0.75L",0.75 l (€10.27 / 1 l),€7.70
https://cdn.heinemann-shop.com/images/hf4/ha7/8955335016478.jpg,Tommasi,"Tommasi, Masseria Surani, Heracles, Puglia, IGP, dry, red , 0.75L",0.75 l (€19.87 / 1 l),€14.90
https://cdn.heinemann-shop.com/images/h47/hce/9180382003230.jpg,Cusumano,"Cusumano, Nero d'Avola, Terre Sicilane, IGT, dry, red, 0.75L",0.75 l (€14.00 / 1 l),€10.50
https://cdn.heinemann-shop.com/images/ha1/hc4/9268152303646.jpg,Pfaffl,"Pfaffl, Zweigelt, Burg, Niederösterreich, QbA, dry, red 0.75L",0.75 l (€30.53 / 1 l),€22.90
https://cdn.heinemann-shop.com/images/h7f/hea/9180386525214.jpg,Cusumano,"Cusumano, Benuara, Terre Sicilane, IGT, dry, red, 0.75L",0.75 l (€15.87 / 1 l),€11.90
https://cdn.heinemann-shop.com/images/hcb/he0/9180447014942.jpg,Fabre Montmayou,"Fabre Montmayou, Merlot, Gran Reserva, Patagonia, dry, red, 0.75L",0.75 l (€32.67 / 1 l),€24.50
https://cdn.heinemann-shop.com/images/h3c/h7f/9328021241886.jpg,Château Cambon La Pelouse,"Château Cambon La Pelouse, Haut-Médoc, Cru Bourgeois, dry, red 0.75L",0.75 l (€29.20 / 1 l),from €21.90
https://cdn.heinemann-shop.com/images/hd8/h9e/9328062562334.jpg,Château Palmer,"Château Palmer, Margaux, AOC, 3ème Grand Cru Classé en Médoc, dry, red, 0.75L",0.75 l (€399.87 / 1 l),from €299.90
https://cdn.heinemann-shop.com/images/he8/h62/9327931719710.jpg,Grant Burge,"Grant Burge, The Holy Trinity, Grenache Syrah Mourvèdre, Barossa, dry, red, 0.75L",0.75 l (€37.20 / 1 l),€27.90
https://cdn.heinemann-shop.com/images/h78/h8c/9390184824862.jpg,Allegrini,"Allegrini, Corte Giara, Amarone della Valpolicella, La Groletta, DOCG, dry, red 0.75L",0.75 l (€38.00 / 1 l),€28.50
https://cdn.heinemann-shop.com/images/h92/h87/9390176436254.jpg,Allegrini,"Allegrini, Palazzo della Torre, Rosso del Veronese, IGT, dry, red, 0.75L",0.75 l (€22.53 / 1 l),€16.90
https://cdn.heinemann-shop.com/images/h24/h6c/9180758409246.jpg,Torres,"Torres, Purgatori, Costers del Segre, DO, dry, red 0.75L",0.75 l (€31.87 / 1 l),from €23.90
https://cdn.heinemann-shop.com/images/h39/h38/9357985480734.jpg,Pesquera,"Pesquera, Reserva, Ribera del Duero, DO, dry, red, 0,75L",0.75 l (€43.33 / 1 l),€32.50
https://cdn.heinemann-shop.com/images/h44/h3a/9330095652894.jpg,Cune,"Cune, Crianza, Rioja, dry, red 0.75L",0.75 l (€12.67 / 1 l),€9.50
https://cdn.heinemann-shop.com/images/h31/h75/9176578850846.jpg,Guigal,"Guigal, Crozes-Hermitage, AOC, dry, red 0.75L",0.75 l (€23.87 / 1 l),€17.90
https://cdn.heinemann-shop.com/images/hc0/h67/9034790305822.jpg,Tommasi,"Tommasi, Amarone della Valpolicella Classico, DOCG, dry, red 0.75L",0.75 l (€46.53 / 1 l),€34.90
https://cdn.heinemann-shop.com/images/h90/hfc/9180627501086.jpg,Bouchard Père & Fils,"Bouchard Père & Fils, Pinot Noir, Réserve du Château, Bourgogne, AOC, dry, red (gift box) 0.75L",0.75 l (€23.87 / 1 l),€17.90
https://cdn.heinemann-shop.com/images/he3/h33/9416527413278.jpg,Ornellaia,"Ornellaia, Le Volte, Tuscany, IGP, dry, red 0.75L",0.75 l (€25.20 / 1 l),€18.90
https://cdn.heinemann-shop.com/images/h24/h19/9176738594846.jpg,Peter Lehmann,"Peter Lehmann, Barossa, Shiraz, dry, red 0.75L",0.75 l (€15.87 / 1 l),€11.90
https://cdn.heinemann-shop.com/images/ha3/hd2/9177012207646.jpg,Barton & Guestier,"Barton & Guestier, French Tom Réserve, Bordeaux, AOC, dry, red, 0.75L (gift box)",0.75 l (€15.33 / 1 l),€11.50
https://cdn.heinemann-shop.com/images/h6a/h6d/9329656037406.jpg,Bersano,"Bersano, Barolo, Nirvasco, DOCG, dry, red, 0.75L",0.75 l (€34.53 / 1 l),€25.90
https://cdn.heinemann-shop.com/images/ha5/h8f/9176785256478.jpg,Anselmann,"Anselmann, Dornfelder Barrique, QbA, Pfalz, dry, red, 0.75L",0.75 l (€15.87 / 1 l),€11.90
https://cdn.heinemann-shop.com/images/h91/hc5/9331315048478.jpg,Frescobaldi,"Frescobaldi, CastelGiocondo, Brunello di Montalcino, DOCG, dry, red 0.75L",0.75 l (€53.20 / 1 l),from €39.90
https://cdn.heinemann-shop.com/images/hb2/h59/9329096818718.jpg,Prunotto,"Prunotto, Barolo, DOCG, dry, red, 0.75L",0.75 l (€45.20 / 1 l),€33.90
https://cdn.heinemann-shop.com/images/hb6/h27/9331051659294.jpg,Concha y Toro,"Concha y Toro, Casillero del Diablo, Cabernet Sauvignon, Valle Central, DO, dry, red (screw cap) 0.75L",0.75 l (€9.73 / 1 l),€7.30
https://cdn.heinemann-shop.com/images/h0c/h4c/9330559844382.jpg,Concha y Toro,"Concha y Toro, Casillero del Diablo, Merlot, Valle Central, DO, dry, red (screw cap) 0.75L",0.75 l (€9.73 / 1 l),€7.30
https://cdn.heinemann-shop.com/images/hb7/h34/9172897202206.jpg,Concha y Toro,"Concha y Toro, Don Melchor, Cabernet Sauvignon, Puente Alto, DO, dry, red, 0.75L",0.75 l (€119.87 / 1 l),€89.90
https://cdn.heinemann-shop.com/images/hd4/hd2/9330405048350.jpg,Concha y Toro,"Concha y Toro, Casillero del Diablo, Reserva Privada, Cabernet Sauvignon / Shiraz, Maipo, DO, dry, red 0.75L",0.75 l (€15.33 / 1 l),from €11.50
https://cdn.heinemann-shop.com/images/h20/h51/9330223284254.jpg,Prunotto,"Prunotto, Barolo, Bussia, DOCG, dry, red 0.75L",0.75 l (€79.87 / 1 l),€59.90
https://cdn.heinemann-shop.com/images/h15/h62/9180679340062.jpg,Planeta,"Planeta, La Segreta, Sicily, IGP, dry, red, 0.75L",0.75 l (€10.53 / 1 l),€7.90
https://cdn.heinemann-shop.com/images/h06/hc6/9180692217886.jpg,Planeta,"Planeta, Plumbago, Nero d'Avola, Sicily, IGP, dry, red, 0.75L",0.75 l (€14.53 / 1 l),€10.90
https://cdn.heinemann-shop.com/images/hc8/h01/9426440486942.jpg,Umberto Cesari,"Umberto Cesari, Liano, Sangiovese/Cabernet Sauvignon, Emilia-Romagna, IGP, dry, red 0.75L",0.75 l (€28.67 / 1 l),€21.50
https://cdn.heinemann-shop.com/images/h53/ha7/9388407881758.jpg,Mouton Cadet,"Baron Philippe de Rothschild, Mouton Cadet, Bordeaux, AOC, dry, red, (Twinpack), 2 x 0.75L",1.5 l (€12.33 / 1 l),from €18.50
https://cdn.heinemann-shop.com/images/h4c/h28/9462436790302.jpg,Jacob's Creek,Jacob's Creek Cabernet Sauvignon 0.75L,0.75 l (€13.73 / 1 l),€10.30
https://cdn.heinemann-shop.com/images/h28/hcc/9329293066270.jpg,Concha y Toro,"Concha y Toro, Marqués de Casa Concha, Cabernet Sauvignon, Puente Alto, DO, dry, red 0.75L",0.75 l (€18.53 / 1 l),€13.90
https://cdn.heinemann-shop.com/images/hb2/h00/9176550080542.jpg,Concha y Toro,"Concha y Toro, Casillero del Diablo, Carménère, Valle Central, DO, dry, red (screw cap) 0.75L",0.75 l (€9.73 / 1 l),€7.30
https://cdn.heinemann-shop.com/images/h1e/he3/9176912953374.jpg,Concha y Toro,"Concha y Toro, Frontera, Cabernet Sauvignon, Valle Central, DO, dry, red (screw cap), 0.75L",0.75 l (€6.00 / 1 l),€4.50
https://cdn.heinemann-shop.com/images/h17/hd9/9331120898078.jpg,Torres,"Torres, Mas La Plana, Cabernet Sauvignon, DO, Penedès, dry, red, 0.75L",0.75 l (€66.53 / 1 l),€49.90
https://cdn.heinemann-shop.com/images/h9d/h45/9329743495198.jpg,Barón de Ley,"Barón de Ley, Reserva, Rioja, dry, red 0.75L",0.75 l (€18.00 / 1 l),€13.50
https://cdn.heinemann-shop.com/images/hab/hc3/9329886429214.jpg,Frescobaldi,"Frescobaldi, Tenuta Frescobaldi di Castiglioni, Tuscany, IGP, dry, red 0.75L",0.75 l (€21.20 / 1 l),€15.90
https://cdn.heinemann-shop.com/images/h10/h87/9329957306398.jpg,Yellow Tail,"Yellow Tail, Merlot, dry, red, 0.75L",0.75 l (€8.93 / 1 l),€6.70
https://cdn.heinemann-shop.com/images/h35/h36/9176865767454.jpg,Serego Alighieri,"Serego Aligheri, Possessioni Rosso, Rosso del Veronese, Veneto, IGP, dry, red, 0.75L",0.75 l (€13.20 / 1 l),€9.90
https://cdn.heinemann-shop.com/images/h53/h5d/9240869240862.jpg,Masi,"Masi, Modello delle Venezie, Veneto, IGP, dry, red, 0.75L",0.75 l (€9.20 / 1 l),€6.90
https://cdn.heinemann-shop.com/images/hf6/ha6/9177185288222.jpg,Errázuriz,"Errázuriz, Max Reserva, Cabernet Sauvignon, Aconcagua, DO, dry, red, 0.75L",0.75 l (€19.87 / 1 l),from €14.90
https://cdn.heinemann-shop.com/images/h58/h92/9173229404190.jpg,Marqués de Cáceres,"Marqués de Cáceres, Gaudium, Reserva, Rioja, dry, red, 0.75L",0.75 l (€50.53 / 1 l),€37.90
https://cdn.heinemann-shop.com/images/h63/h04/9180437970974.jpg,Torres,"Torres, Grans Muralles, Conca de Barberà, DO, dry, red (wooden box), 0.75L",0.75 l (€114.53 / 1 l),€85.90
https://cdn.heinemann-shop.com/images/hdd/h00/9330142609438.jpg,Allesverloren,"Allesverloren, Tinta Barocca, Wine of Origin, Swartland, dry, red, 0.75L",0.75 l (€15.07 / 1 l),€11.30
https://cdn.heinemann-shop.com/images/hb0/h19/9329956716574.jpg,Luce della Vite,"Luce della Vite, Lucente, Tuscany, IGP, dry, red 0.75L",0.75 l (€33.20 / 1 l),from €24.90
https://cdn.heinemann-shop.com/images/h86/h9f/9358137425950.jpg,Château Peyre-Lebade,"Château Odilon, Haut-Médoc, Cru Bourgeois, AOP, dry, red 0.75L",0.75 l (€23.87 / 1 l),€17.90
https://cdn.heinemann-shop.com/images/h91/h49/9176532418590.jpg,Marchesi di Barolo,"Marchesi di Barolo, Barbera d'Alba, Reis, DOC, dry, red, 0.75L",0.75 l (€17.20 / 1 l),€12.90
https://cdn.heinemann-shop.com/images/h67/h70/9370585825310.jpg,Domaines Barons de Rothschild,"Domaines Barons de Rothschild, Légende R, Bordeaux, AOC, dry, red, 0.75L",0.75 l (€13.20 / 1 l),€9.90
https://cdn.heinemann-shop.com/images/hc1/ha0/9177066831902.jpg,Masi,"Masi, Campofiorin, Rosso del Veronese, Veneto, IGP, dry, red, 0.375L",0.375 l (€20.00 / 1 l),€7.50
https://cdn.heinemann-shop.com/images/h05/hcb/9173139914782.jpg,Pago de los Capellanes,"Pago de los Capellanes, Crianza, Ribera del Duero, DO, dry, red, 0.75L",0.75 l (€31.87 / 1 l),€23.90
https://cdn.heinemann-shop.com/images/hd9/hdb/9345369767966.jpg,Louis Jadot,"Louis Jadot, Gevrey-Chambertin, AOC, dry, red 0.75L",0.75 l (€70.53 / 1 l),from €52.90
https://cdn.heinemann-shop.com/images/h98/h52/9180858613790.jpg,Protos,"Protos, Reserva, Ribera del Duero, dry, red 0.75L",0.75 l (€32.67 / 1 l),€24.50
https://cdn.heinemann-shop.com/images/h86/hbc/9173027946526.jpg,Finca Museum,"Finca Museum, Reserva, Cigales, DO, dry, red, 0.75L",0.75 l (€21.20 / 1 l),€15.90
https://cdn.heinemann-shop.com/images/h2e/h7b/9330224529438.jpg,Luce della Vite,"Luce della Vite, Tuscany, IGP, dry, red 0.75L",0.75 l (€117.20 / 1 l),€87.90
https://cdn.heinemann-shop.com/images/hd9/ha1/9176831492126.jpg,Ruffino,"Ruffino, Il Leo, Chianti Superiore, DOCG, dry, red, 0.75L",0.75 l (€14.53 / 1 l),€10.90
https://cdn.heinemann-shop.com/images/hbf/hdf/9331459751966.jpg,Montecillo,"Montecillo, Gran Reserva, Rioja, dry, red 0.75L",0.75 l (€26.53 / 1 l),€19.90
https://cdn.heinemann-shop.com/images/he9/h24/9176819662878.jpg,Serego Alighieri,"Serego Aligheri, Vaio, Amarone della Valpolicella Classico, Vaio, Amarone della Valpolicella Classico, DOCG, dry, red, 0.75L",0.75 l (€66.53 / 1 l),€49.90
https://cdn.heinemann-shop.com/images/hce/h27/9176696029214.jpg,Hardy's,"Hardy's, Varietal Range, Cabernet Sauvignon, dry, red (Bag in Box) 3L",3 l (€5.97 / 1 l),€17.90
https://cdn.heinemann-shop.com/images/h01/hb6/9489014620190.jpg,Ornellaia,"Ornellaia, Le Serre Nuove, Bolgheri, DOC, dry, red (Giftbox) 0.75L",0.75 l (€59.87 / 1 l),€44.90
https://cdn.heinemann-shop.com/images/h71/h7f/9176614535198.jpg,Bersano,"Bersano, Barbaresco, Mantico, DOCG, dry, red, 0.75L",0.75 l (€30.53 / 1 l),€22.90
https://cdn.heinemann-shop.com/images/h6f/hee/9330671714334.jpg,Antinori,"Antinori, Pèppoli, Chianti Classico, DOCG, dry, red, 0.75L",0.75 l (€21.20 / 1 l),€15.90
https://cdn.heinemann-shop.com/images/haf/h51/9331296796702.jpg,Marchesi di Barolo,"Marchesi di Barolo, Barolo, Cannubi, DOCG, dry, red, 0.75L",0.75 l (€58.53 / 1 l),€43.90
https://cdn.heinemann-shop.com/images/he3/h8b/9176540184606.jpg,Prunotto,"Prunotto, Barbera d'Alba, DOC, dry, red, 0.75L",0.75 l (€18.53 / 1 l),€13.90
https://cdn.heinemann-shop.com/images/h71/h35/8969096134686.jpg,Tommasi,"Tommasi, Fiorato, Recioto delle Vapolicella, DOC, dry, red 0.375L",0.375 l (€50.40 / 1 l),€18.90
https://cdn.heinemann-shop.com/images/h49/h80/9338101039134.jpg,Barton & Guestier,"Barton & Guestier, Les Charmes de Magnol, Médoc, AOC, dry, red, 0.75L (gift box)",0.75 l (€21.20 / 1 l),€15.90
https://cdn.heinemann-shop.com/images/h8d/he5/9329331896350.jpg,Barón de Ley,"Barón de Ley, Gran Reserva, Rioja, DOCa, dry, red 0.75L",0.75 l (€25.20 / 1 l),€18.90
https://cdn.heinemann-shop.com/images/h9f/h30/9180746776606.jpg,Marqués de Riscal,"Marqués de Riscal, Reserva, Rioja, dry, red, 1.5L",1.5 l (€21.27 / 1 l),€31.90
https://cdn.heinemann-shop.com/images/h22/h1f/9429600829470.jpg,Frescobaldi,"Frescobaldi, Nipozzano, Chianti Rùfina, DOCG, dry, red 0.75L",0.75 l (€19.87 / 1 l),from €14.90
https://cdn.heinemann-shop.com/images/hb0/h60/9180430434334.jpg,Caliterra,"Caliterra, Reserva, Merlot, Colchagua, DO, dry, red (screw cap), 0.75L",0.75 l (€12.40 / 1 l),€9.30
https://cdn.heinemann-shop.com/images/h99/h10/9330631868446.jpg,Frescobaldi,"Frescobaldi, Mormoreto, Tuscany, IGP, dry, red 0.75L",0.75 l (€63.87 / 1 l),€47.90
https://cdn.heinemann-shop.com/images/ha4/h07/9390180270110.jpg,Bottega,"Bottega, Amarone della Valpolicella Classico, DOCG, dry, red, 0.75L",0.75 l (€45.20 / 1 l),€33.90
https://cdn.heinemann-shop.com/images/h26/h62/9176739348510.jpg,Boschendal,"Boschendal, 1685, Shiraz, Wine of Origin, Coastal Region, dry, red, 0.75L",0.75 l (€19.87 / 1 l),€14.90
https://cdn.heinemann-shop.com/images/h05/he9/9330739249182.jpg,Marqués de Riscal,"Marqués de Riscal, Gran Reserva, Rioja, dry, red, 0.75L",0.75 l (€43.87 / 1 l),€32.90
https://cdn.heinemann-shop.com/images/hfc/h2a/9373449158686.jpg,Penfolds,"Penfolds, BIN 389, Cabernet/Shiraz, South Australia, dry, red (gift box) 0.75L",0.75 l (€106.53 / 1 l),€79.90
https://cdn.heinemann-shop.com/images/h8b/h24/9330956828702.jpg,Lindemans,"Lindemans, BIN 45, Cabernet Sauvignon, dry, red (screw cap) 0.75 L",0.75 l (€10.53 / 1 l),€7.90
https://cdn.heinemann-shop.com/images/h17/hed/9329701715998.jpg,Guigal,"Guigal, Côte-Rôtie, AC, dry, red 0.75L",0.75 l (€62.53 / 1 l),€46.90
https://cdn.heinemann-shop.com/images/h7f/haa/9176754552862.jpg,Mouton Cadet,"Baron Philippe de Rothschild, Mouton Cadet Réserve, Pauillac, AOC, dry, red, 0.75L",0.75 l (€37.20 / 1 l),€27.90
https://cdn.heinemann-shop.com/images/he4/hff/9224740274206.jpg,Montecillo,"Montecillo, Gran Reserva Selección Especial, Rioja, dry, red 0.75L",0.75 l (€50.53 / 1 l),€37.90
https://cdn.heinemann-shop.com/images/h3f/h5d/9373457416222.jpg,Errázuriz,"Errázuriz, Max Reserva, Carménère, Aconcagua, DO, dry, red, 0.75L",0.75 l (€19.87 / 1 l),€14.90
https://cdn.heinemann-shop.com/images/h52/hb2/9305970704414.jpg,Desc. de J. Palacios,"Descendants of J. Palacios, Pétalos del Bierzo, Bierzo, DO, dry, red, 0.75L",0.75 l (€19.33 / 1 l),€14.50
https://cdn.heinemann-shop.com/images/h39/h5f/9177262686238.jpg,Castello Banfi,"Castello Banfi, Chianti Classico Riserva, DOCG, red, 0.75L",0.75 l (€19.33 / 1 l),from €14.50
https://cdn.heinemann-shop.com/images/h1f/haf/8934904004638.jpg,Villa Girardi,"Villa Girardi, Amarone della Valpolicella Classico, DOCG, red, dry, 0.75L",0.75 l (€46.53 / 1 l),€34.90
https://cdn.heinemann-shop.com/images/hae/h3e/8935036846110.jpg,Villa Girardi,"Villa Girardi, Bure Alto, Ripasso Valpolicella Classico, DOC, red, dry, 0.75L",0.75 l (€23.33 / 1 l),€17.50
https://cdn.heinemann-shop.com/images/h2f/h15/9327955673118.jpg,Masi,"Masi, Nectar Campofiorin, Rosso del Veronese, IGP, dry, red, 0.75L",0.75 l (€21.20 / 1 l),€15.90
https://cdn.heinemann-shop.com/images/h3f/ha4/9395615825950.jpg,Domaines Barons de Rothschild,"Domaines Barons de Rothschild, Légende R, Médoc, AOC, dry, red, 0.75L",0.75 l (€22.53 / 1 l),€16.90
https://cdn.heinemann-shop.com/images/h59/hdf/9370592542750.jpg,Louis Jadot,"Louis Jadot, Beaune, Premier Cru, Les Avaux, AOC, dry, red 0.75L",0.75 l (€61.20 / 1 l),€45.90
https://cdn.heinemann-shop.com/images/h25/h62/9327787212830.jpg,Gianni Gagliardo,"Gianni Gagliardo, Barolo, DOCG, dry, red 0.75L",0.75 l (€45.20 / 1 l),€33.90
https://cdn.heinemann-shop.com/images/hcb/h9f/9327840690206.jpg,Allesverloren,"Allesverloren, Shiraz, Wine of Origin, Swartland, dry, red, 0.75L",0.75 l (€15.07 / 1 l),€11.30
https://cdn.heinemann-shop.com/images/h58/he4/8930853224478.jpg,Tommasi,"Tommasi, Rafael, Valpolicella Classico Superiore, DOC, dry, red 0.75L",0.75 l (€19.33 / 1 l),€14.50
https://cdn.heinemann-shop.com/images/h74/hd4/9177116147742.jpg,Hardy's,"Hardy's, William Hardy, Premium Selection, Shiraz, Langhorne Creek, dry, red (screw cap) , 0.75L",0.75 l (€13.20 / 1 l),€9.90
https://cdn.heinemann-shop.com/images/h31/h2a/9176501944350.jpg,Masi,"Masi, Grandarella, Appassimento, Rosso delle Venezie, IGP, dry, red 0.75L",0.75 l (€28.67 / 1 l),€21.50
https://cdn.heinemann-shop.com/images/hf2/hc3/8931146432542.jpg,Tommasi,"Tommasi, Graticcio, Appassionato Vino d'Italia, dry, red 0.75L",0.75 l (€13.20 / 1 l),€9.90
https://cdn.heinemann-shop.com/images/h6f/hff/9180538634270.jpg,La Motte,"La Motte, Pierneef, Shiraz-Viognier, Wine of Origin, Western Cape, dry, 0.75L",0.75 l (€24.67 / 1 l),€18.50
https://cdn.heinemann-shop.com/images/h62/hc1/9327797567518.jpg,Masi,"Masi, Nectar Costasera, Amarone della Valpolicella Classico, DOCG, dry, red, 0.75L",0.75 l (€38.53 / 1 l),from €28.90
https://cdn.heinemann-shop.com/images/hc7/h24/9177155600414.jpg,Nederburg,"Nederburg, The Winemaster's, Merlot, Wine of Origin, Western Cape, dry, red 0.75L",0.75 l (€9.20 / 1 l),€6.90
https://cdn.heinemann-shop.com/images/h82/hf0/9375512428574.jpg,Penfolds,"Penfolds, BIN 28, Kalimna, Shiraz, South Australia, dry, red 0.75L",0.75 l (€46.53 / 1 l),€34.90
https://cdn.heinemann-shop.com/images/hbe/hc9/9327771222046.jpg,Bellingham,"Bellingham, Bernard Series, Bush Vine, Pinotage, Wine of Origin, CoastalRegion, dry, red, 0.75L",0.75 l (€25.20 / 1 l),€18.90
https://cdn.heinemann-shop.com/images/haf/h5f/9390189314078.jpg,Allegrini,"Allegrini, Belpasso, Rosso del Veronese, IGP, dry, red, (Bag in box), 3L",3 l (€8.63 / 1 l),€25.90
https://cdn.heinemann-shop.com/images/h39/ha1/9390188855326.jpg,Allegrini,"Allegrini, La Grola, Rosso del Veronese, Venetien, IGP, dry, red , 0.75L",0.75 l (€26.53 / 1 l),€19.90
https://cdn.heinemann-shop.com/images/h15/h4e/9176954044446.jpg,J. Christopher,"J. Christopher, Pinot Noir, Willamette Valley, Oregon, red, dry, 0.75L",0.75 l (€42.53 / 1 l),€31.90
https://cdn.heinemann-shop.com/images/hc2/he0/9176729485342.jpg,Famille Perrin,"Famille Perrin, Gigondas, La Gille, AOC, dry, red, 0.75L",0.75 l (€26.53 / 1 l),€19.90
https://cdn.heinemann-shop.com/images/h51/h53/9346987163678.jpg,Bouchard Père & Fils,"Bouchard Père & Fils, Côtes de Beaune Villages, AOC, dry, red, 0.75L",0.75 l (€26.53 / 1 l),€19.90
https://cdn.heinemann-shop.com/images/h5c/h61/9327693922334.jpg,Château Palmer,"Château Palmer, Margaux, AOC, 3ème Grand Cru Classé en Médoc, dry, red 0.75L",0.75 l (€461.20 / 1 l),from €345.90
https://cdn.heinemann-shop.com/images/h95/h55/9435839987742.jpg,Planeta,"Planeta, Maraccoli, Syrah, Sicilia, DOC, dry, red, 0.75L",0.75 l (€24.67 / 1 l),€18.50
https://cdn.heinemann-shop.com/images/h5f/h1e/9327731474462.jpg,Guigal,"Guigal, Châteauneuf-du-Pape, AOC dry red, 0.75L",0.75 l (€53.20 / 1 l),€39.90
https://cdn.heinemann-shop.com/images/hab/h30/9357997965342.jpg,Marchesi di Barolo,"Marchesi di Barolo, Barbaresco, DOCG, dry, red, 0.75L",0.75 l (€30.53 / 1 l),€22.90
https://cdn.heinemann-shop.com/images/h44/h3a/9330095652894.jpg,Cune,"Cune, Crianza, Rioja, dry, red 0.75L",0.75 l (€12.67 / 1 l),€9.50
https://cdn.heinemann-shop.com/images/h31/h75/9176578850846.jpg,Guigal,"Guigal, Crozes-Hermitage, AOC, dry, red 0.75L",0.75 l (€23.87 / 1 l),€17.90
https://cdn.heinemann-shop.com/images/hc0/h67/9034790305822.jpg,Tommasi,"Tommasi, Amarone della Valpolicella Classico, DOCG, dry, red 0.75L",0.75 l (€46.53 / 1 l),€34.90
https://cdn.heinemann-shop.com/images/h90/hfc/9180627501086.jpg,Bouchard Père & Fils,"Bouchard Père & Fils, Pinot Noir, Réserve du Château, Bourgogne, AOC, dry, red (gift box) 0.75L",0.75 l (€23.87 / 1 l),€17.90
https://cdn.heinemann-shop.com/images/he3/h33/9416527413278.jpg,Ornellaia,"Ornellaia, Le Volte, Tuscany, IGP, dry, red 0.75L",0.75 l (€25.20 / 1 l),€18.90
https://cdn.heinemann-shop.com/images/h24/h19/9176738594846.jpg,Peter Lehmann,"Peter Lehmann, Barossa, Shiraz, dry, red 0.75L",0.75 l (€15.87 / 1 l),€11.90
https://cdn.heinemann-shop.com/images/ha3/hd2/9177012207646.jpg,Barton & Guestier,"Barton & Guestier, French Tom Réserve, Bordeaux, AOC, dry, red, 0.75L (gift box)",0.75 l (€15.33 / 1 l),€11.50
https://cdn.heinemann-shop.com/images/h6a/h6d/9329656037406.jpg,Bersano,"Bersano, Barolo, Nirvasco, DOCG, dry, red, 0.75L",0.75 l (€34.53 / 1 l),€25.90
https://cdn.heinemann-shop.com/images/ha5/h8f/9176785256478.jpg,Anselmann,"Anselmann, Dornfelder Barrique, QbA, Pfalz, dry, red, 0.75L",0.75 l (€15.87 / 1 l),€11.90
https://cdn.heinemann-shop.com/images/h91/hc5/9331315048478.jpg,Frescobaldi,"Frescobaldi, CastelGiocondo, Brunello di Montalcino, DOCG, dry, red 0.75L",0.75 l (€53.20 / 1 l),from €39.90
https://cdn.heinemann-shop.com/images/hb2/h59/9329096818718.jpg,Prunotto,"Prunotto, Barolo, DOCG, dry, red, 0.75L",0.75 l (€45.20 / 1 l),€33.90
https://cdn.heinemann-shop.com/images/hb6/h27/9331051659294.jpg,Concha y Toro,"Concha y Toro, Casillero del Diablo, Cabernet Sauvignon, Valle Central, DO, dry, red (screw cap) 0.75L",0.75 l (€9.73 / 1 l),€7.30
https://cdn.heinemann-shop.com/images/h0c/h4c/9330559844382.jpg,Concha y Toro,"Concha y Toro, Casillero del Diablo, Merlot, Valle Central, DO, dry, red (screw cap) 0.75L",0.75 l (€9.73 / 1 l),€7.30
https://cdn.heinemann-shop.com/images/hb7/h34/9172897202206.jpg,Concha y Toro,"Concha y Toro, Don Melchor, Cabernet Sauvignon, Puente Alto, DO, dry, red, 0.75L",0.75 l (€119.87 / 1 l),€89.90
https://cdn.heinemann-shop.com/images/hd4/hd2/9330405048350.jpg,Concha y Toro,"Concha y Toro, Casillero del Diablo, Reserva Privada, Cabernet Sauvignon / Shiraz, Maipo, DO, dry, red 0.75L",0.75 l (€15.33 / 1 l),from €11.50
https://cdn.heinemann-shop.com/images/h20/h51/9330223284254.jpg,Prunotto,"Prunotto, Barolo, Bussia, DOCG, dry, red 0.75L",0.75 l (€79.87 / 1 l),€59.90
https://cdn.heinemann-shop.com/images/h15/h62/9180679340062.jpg,Planeta,"Planeta, La Segreta, Sicily, IGP, dry, red, 0.75L",0.75 l (€10.53 / 1 l),€7.90
https://cdn.heinemann-shop.com/images/h06/hc6/9180692217886.jpg,Planeta,"Planeta, Plumbago, Nero d'Avola, Sicily, IGP, dry, red, 0.75L",0.75 l (€14.53 / 1 l),€10.90
https://cdn.heinemann-shop.com/images/hc8/h01/9426440486942.jpg,Umberto Cesari,"Umberto Cesari, Liano, Sangiovese/Cabernet Sauvignon, Emilia-Romagna, IGP, dry, red 0.75L",0.75 l (€28.67 / 1 l),€21.50
https://cdn.heinemann-shop.com/images/h53/ha7/9388407881758.jpg,Mouton Cadet,"Baron Philippe de Rothschild, Mouton Cadet, Bordeaux, AOC, dry, red, (Twinpack), 2 x 0.75L",1.5 l (€12.33 / 1 l),from €18.50
https://cdn.heinemann-shop.com/images/h4c/h28/9462436790302.jpg,Jacob's Creek,Jacob's Creek Cabernet Sauvignon 0.75L,0.75 l (€13.73 / 1 l),€10.30
https://cdn.heinemann-shop.com/images/h28/hcc/9329293066270.jpg,Concha y Toro,"Concha y Toro, Marqués de Casa Concha, Cabernet Sauvignon, Puente Alto, DO, dry, red 0.75L",0.75 l (€18.53 / 1 l),€13.90
https://cdn.heinemann-shop.com/images/hb2/h00/9176550080542.jpg,Concha y Toro,"Concha y Toro, Casillero del Diablo, Carménère, Valle Central, DO, dry, red (screw cap) 0.75L",0.75 l (€9.73 / 1 l),€7.30
https://cdn.heinemann-shop.com/images/h1e/he3/9176912953374.jpg,Concha y Toro,"Concha y Toro, Frontera, Cabernet Sauvignon, Valle Central, DO, dry, red (screw cap), 0.75L",0.75 l (€6.00 / 1 l),€4.50
https://cdn.heinemann-shop.com/images/h17/hd9/9331120898078.jpg,Torres,"Torres, Mas La Plana, Cabernet Sauvignon, DO, Penedès, dry, red, 0.75L",0.75 l (€66.53 / 1 l),€49.90
https://cdn.heinemann-shop.com/images/h9d/h45/9329743495198.jpg,Barón de Ley,"Barón de Ley, Reserva, Rioja, dry, red 0.75L",0.75 l (€18.00 / 1 l),€13.50
https://cdn.heinemann-shop.com/images/hab/hc3/9329886429214.jpg,Frescobaldi,"Frescobaldi, Tenuta Frescobaldi di Castiglioni, Tuscany, IGP, dry, red 0.75L",0.75 l (€21.20 / 1 l),€15.90
https://cdn.heinemann-shop.com/images/h10/h87/9329957306398.jpg,Yellow Tail,"Yellow Tail, Merlot, dry, red, 0.75L",0.75 l (€8.93 / 1 l),€6.70
https://cdn.heinemann-shop.com/images/h35/h36/9176865767454.jpg,Serego Alighieri,"Serego Aligheri, Possessioni Rosso, Rosso del Veronese, Veneto, IGP, dry, red, 0.75L",0.75 l (€13.20 / 1 l),€9.90
https://cdn.heinemann-shop.com/images/h53/h5d/9240869240862.jpg,Masi,"Masi, Modello delle Venezie, Veneto, IGP, dry, red, 0.75L",0.75 l (€9.20 / 1 l),€6.90
https://cdn.heinemann-shop.com/images/hf6/ha6/9177185288222.jpg,Errázuriz,"Errázuriz, Max Reserva, Cabernet Sauvignon, Aconcagua, DO, dry, red, 0.75L",0.75 l (€19.87 / 1 l),from €14.90
https://cdn.heinemann-shop.com/images/h58/h92/9173229404190.jpg,Marqués de Cáceres,"Marqués de Cáceres, Gaudium, Reserva, Rioja, dry, red, 0.75L",0.75 l (€50.53 / 1 l),€37.90
https://cdn.heinemann-shop.com/images/h63/h04/9180437970974.jpg,Torres,"Torres, Grans Muralles, Conca de Barberà, DO, dry, red (wooden box), 0.75L",0.75 l (€114.53 / 1 l),€85.90
https://cdn.heinemann-shop.com/images/hdd/h00/9330142609438.jpg,Allesverloren,"Allesverloren, Tinta Barocca, Wine of Origin, Swartland, dry, red, 0.75L",0.75 l (€15.07 / 1 l),€11.30
https://cdn.heinemann-shop.com/images/hb0/h19/9329956716574.jpg,Luce della Vite,"Luce della Vite, Lucente, Tuscany, IGP, dry, red 0.75L",0.75 l (€33.20 / 1 l),from €24.90
https://cdn.heinemann-shop.com/images/h86/h9f/9358137425950.jpg,Château Peyre-Lebade,"Château Odilon, Haut-Médoc, Cru Bourgeois, AOP, dry, red 0.75L",0.75 l (€23.87 / 1 l),€17.90
https://cdn.heinemann-shop.com/images/h91/h49/9176532418590.jpg,Marchesi di Barolo,"Marchesi di Barolo, Barbera d'Alba, Reis, DOC, dry, red, 0.75L",0.75 l (€17.20 / 1 l),€12.90
https://cdn.heinemann-shop.com/images/h67/h70/9370585825310.jpg,Domaines Barons de Rothschild,"Domaines Barons de Rothschild, Légende R, Bordeaux, AOC, dry, red, 0.75L",0.75 l (€13.20 / 1 l),€9.90
https://cdn.heinemann-shop.com/images/hc1/ha0/9177066831902.jpg,Masi,"Masi, Campofiorin, Rosso del Veronese, Veneto, IGP, dry, red, 0.375L",0.375 l (€20.00 / 1 l),€7.50
https://cdn.heinemann-shop.com/images/h05/hcb/9173139914782.jpg,Pago de los Capellanes,"Pago de los Capellanes, Crianza, Ribera del Duero, DO, dry, red, 0.75L",0.75 l (€31.87 / 1 l),€23.90
https://cdn.heinemann-shop.com/images/hd9/hdb/9345369767966.jpg,Louis Jadot,"Louis Jadot, Gevrey-Chambertin, AOC, dry, red 0.75L",0.75 l (€70.53 / 1 l),from €52.90
https://cdn.heinemann-shop.com/images/h98/h52/9180858613790.jpg,Protos,"Protos, Reserva, Ribera del Duero, dry, red 0.75L",0.75 l (€32.67 / 1 l),€24.50
https://cdn.heinemann-shop.com/images/h86/hbc/9173027946526.jpg,Finca Museum,"Finca Museum, Reserva, Cigales, DO, dry, red, 0.75L",0.75 l (€21.20 / 1 l),€15.90
https://cdn.heinemann-shop.com/images/h2e/h7b/9330224529438.jpg,Luce della Vite,"Luce della Vite, Tuscany, IGP, dry, red 0.75L",0.75 l (€117.20 / 1 l),€87.90
https://cdn.heinemann-shop.com/images/hd9/ha1/9176831492126.jpg,Ruffino,"Ruffino, Il Leo, Chianti Superiore, DOCG, dry, red, 0.75L",0.75 l (€14.53 / 1 l),€10.90
https://cdn.heinemann-shop.com/images/hbf/hdf/9331459751966.jpg,Montecillo,"Montecillo, Gran Reserva, Rioja, dry, red 0.75L",0.75 l (€26.53 / 1 l),€19.90
https://cdn.heinemann-shop.com/images/he9/h24/9176819662878.jpg,Serego Alighieri,"Serego Aligheri, Vaio, Amarone della Valpolicella Classico, Vaio, Amarone della Valpolicella Classico, DOCG, dry, red, 0.75L",0.75 l (€66.53 / 1 l),€49.90
https://cdn.heinemann-shop.com/images/hce/h27/9176696029214.jpg,Hardy's,"Hardy's, Varietal Range, Cabernet Sauvignon, dry, red (Bag in Box) 3L",3 l (€5.97 / 1 l),€17.90
https://cdn.heinemann-shop.com/images/h01/hb6/9489014620190.jpg,Ornellaia,"Ornellaia, Le Serre Nuove, Bolgheri, DOC, dry, red (Giftbox) 0.75L",0.75 l (€59.87 / 1 l),€44.90
https://cdn.heinemann-shop.com/images/h71/h7f/9176614535198.jpg,Bersano,"Bersano, Barbaresco, Mantico, DOCG, dry, red, 0.75L",0.75 l (€30.53 / 1 l),€22.90
https://cdn.heinemann-shop.com/images/h6f/hee/9330671714334.jpg,Antinori,"Antinori, Pèppoli, Chianti Classico, DOCG, dry, red, 0.75L",0.75 l (€21.20 / 1 l),€15.90
https://cdn.heinemann-shop.com/images/haf/h51/9331296796702.jpg,Marchesi di Barolo,"Marchesi di Barolo, Barolo, Cannubi, DOCG, dry, red, 0.75L",0.75 l (€58.53 / 1 l),€43.90
https://cdn.heinemann-shop.com/images/he3/h8b/9176540184606.jpg,Prunotto,"Prunotto, Barbera d'Alba, DOC, dry, red, 0.75L",0.75 l (€18.53 / 1 l),€13.90
https://cdn.heinemann-shop.com/images/h71/h35/8969096134686.jpg,Tommasi,"Tommasi, Fiorato, Recioto delle Vapolicella, DOC, dry, red 0.375L",0.375 l (€50.40 / 1 l),€18.90
https://cdn.heinemann-shop.com/images/h49/h80/9338101039134.jpg,Barton & Guestier,"Barton & Guestier, Les Charmes de Magnol, Médoc, AOC, dry, red, 0.75L (gift box)",0.75 l (€21.20 / 1 l),€15.90
https://cdn.heinemann-shop.com/images/h8d/he5/9329331896350.jpg,Barón de Ley,"Barón de Ley, Gran Reserva, Rioja, DOCa, dry, red 0.75L",0.75 l (€25.20 / 1 l),€18.90
https://cdn.heinemann-shop.com/images/h9f/h30/9180746776606.jpg,Marqués de Riscal,"Marqués de Riscal, Reserva, Rioja, dry, red, 1.5L",1.5 l (€21.27 / 1 l),€31.90
https://cdn.heinemann-shop.com/images/h22/h1f/9429600829470.jpg,Frescobaldi,"Frescobaldi, Nipozzano, Chianti Rùfina, DOCG, dry, red 0.75L",0.75 l (€19.87 / 1 l),from €14.90
https://cdn.heinemann-shop.com/images/hb0/h60/9180430434334.jpg,Caliterra,"Caliterra, Reserva, Merlot, Colchagua, DO, dry, red (screw cap), 0.75L",0.75 l (€12.40 / 1 l),€9.30
https://cdn.heinemann-shop.com/images/h99/h10/9330631868446.jpg,Frescobaldi,"Frescobaldi, Mormoreto, Tuscany, IGP, dry, red 0.75L",0.75 l (€63.87 / 1 l),€47.90
https://cdn.heinemann-shop.com/images/ha4/h07/9390180270110.jpg,Bottega,"Bottega, Amarone della Valpolicella Classico, DOCG, dry, red, 0.75L",0.75 l (€45.20 / 1 l),€33.90
https://cdn.heinemann-shop.com/images/h26/h62/9176739348510.jpg,Boschendal,"Boschendal, 1685, Shiraz, Wine of Origin, Coastal Region, dry, red, 0.75L",0.75 l (€19.87 / 1 l),€14.90
https://cdn.heinemann-shop.com/images/h05/he9/9330739249182.jpg,Marqués de Riscal,"Marqués de Riscal, Gran Reserva, Rioja, dry, red, 0.75L",0.75 l (€43.87 / 1 l),€32.90
https://cdn.heinemann-shop.com/images/hfc/h2a/9373449158686.jpg,Penfolds,"Penfolds, BIN 389, Cabernet/Shiraz, South Australia, dry, red (gift box) 0.75L",0.75 l (€106.53 / 1 l),€79.90
https://cdn.heinemann-shop.com/images/h8b/h24/9330956828702.jpg,Lindemans,"Lindemans, BIN 45, Cabernet Sauvignon, dry, red (screw cap) 0.75 L",0.75 l (€10.53 / 1 l),€7.90
https://cdn.heinemann-shop.com/images/h17/hed/9329701715998.jpg,Guigal,"Guigal, Côte-Rôtie, AC, dry, red 0.75L",0.75 l (€62.53 / 1 l),€46.90
https://cdn.heinemann-shop.com/images/h7f/haa/9176754552862.jpg,Mouton Cadet,"Baron Philippe de Rothschild, Mouton Cadet Réserve, Pauillac, AOC, dry, red, 0.75L",0.75 l (€37.20 / 1 l),€27.90
https://cdn.heinemann-shop.com/images/he4/hff/9224740274206.jpg,Montecillo,"Montecillo, Gran Reserva Selección Especial, Rioja, dry, red 0.75L",0.75 l (€50.53 / 1 l),€37.90
https://cdn.heinemann-shop.com/images/h3f/h5d/9373457416222.jpg,Errázuriz,"Errázuriz, Max Reserva, Carménère, Aconcagua, DO, dry, red, 0.75L",0.75 l (€19.87 / 1 l),€14.90
https://cdn.heinemann-shop.com/images/h52/hb2/9305970704414.jpg,Desc. de J. Palacios,"Descendants of J. Palacios, Pétalos del Bierzo, Bierzo, DO, dry, red, 0.75L",0.75 l (€19.33 / 1 l),€14.50
https://cdn.heinemann-shop.com/images/h39/h5f/9177262686238.jpg,Castello Banfi,"Castello Banfi, Chianti Classico Riserva, DOCG, red, 0.75L",0.75 l (€19.33 / 1 l),from €14.50
https://cdn.heinemann-shop.com/images/h1f/haf/8934904004638.jpg,Villa Girardi,"Villa Girardi, Amarone della Valpolicella Classico, DOCG, red, dry, 0.75L",0.75 l (€46.53 / 1 l),€34.90
https://cdn.heinemann-shop.com/images/hae/h3e/8935036846110.jpg,Villa Girardi,"Villa Girardi, Bure Alto, Ripasso Valpolicella Classico, DOC, red, dry, 0.75L",0.75 l (€23.33 / 1 l),€17.50
https://cdn.heinemann-shop.com/images/h2f/h15/9327955673118.jpg,Masi,"Masi, Nectar Campofiorin, Rosso del Veronese, IGP, dry, red, 0.75L",0.75 l (€21.20 / 1 l),€15.90
https://cdn.heinemann-shop.com/images/h3f/ha4/9395615825950.jpg,Domaines Barons de Rothschild,"Domaines Barons de Rothschild, Légende R, Médoc, AOC, dry, red, 0.75L",0.75 l (€22.53 / 1 l),€16.90
https://cdn.heinemann-shop.com/images/h59/hdf/9370592542750.jpg,Louis Jadot,"Louis Jadot, Beaune, Premier Cru, Les Avaux, AOC, dry, red 0.75L",0.75 l (€61.20 / 1 l),€45.90
https://cdn.heinemann-shop.com/images/h25/h62/9327787212830.jpg,Gianni Gagliardo,"Gianni Gagliardo, Barolo, DOCG, dry, red 0.75L",0.75 l (€45.20 / 1 l),€33.90
https://cdn.heinemann-shop.com/images/hcb/h9f/9327840690206.jpg,Allesverloren,"Allesverloren, Shiraz, Wine of Origin, Swartland, dry, red, 0.75L",0.75 l (€15.07 / 1 l),€11.30
https://cdn.heinemann-shop.com/images/h58/he4/8930853224478.jpg,Tommasi,"Tommasi, Rafael, Valpolicella Classico Superiore, DOC, dry, red 0.75L",0.75 l (€19.33 / 1 l),€14.50
https://cdn.heinemann-shop.com/images/h74/hd4/9177116147742.jpg,Hardy's,"Hardy's, William Hardy, Premium Selection, Shiraz, Langhorne Creek, dry, red (screw cap) , 0.75L",0.75 l (€13.20 / 1 l),€9.90
https://cdn.heinemann-shop.com/images/h31/h2a/9176501944350.jpg,Masi,"Masi, Grandarella, Appassimento, Rosso delle Venezie, IGP, dry, red 0.75L",0.75 l (€28.67 / 1 l),€21.50
https://cdn.heinemann-shop.com/images/hf2/hc3/8931146432542.jpg,Tommasi,"Tommasi, Graticcio, Appassionato Vino d'Italia, dry, red 0.75L",0.75 l (€13.20 / 1 l),€9.90
https://cdn.heinemann-shop.com/images/h6f/hff/9180538634270.jpg,La Motte,"La Motte, Pierneef, Shiraz-Viognier, Wine of Origin, Western Cape, dry, 0.75L",0.75 l (€24.67 / 1 l),€18.50
https://cdn.heinemann-shop.com/images/h62/hc1/9327797567518.jpg,Masi,"Masi, Nectar Costasera, Amarone della Valpolicella Classico, DOCG, dry, red, 0.75L",0.75 l (€38.53 / 1 l),from €28.90
https://cdn.heinemann-shop.com/images/hc7/h24/9177155600414.jpg,Nederburg,"Nederburg, The Winemaster's, Merlot, Wine of Origin, Western Cape, dry, red 0.75L",0.75 l (€9.20 / 1 l),€6.90
https://cdn.heinemann-shop.com/images/h82/hf0/9375512428574.jpg,Penfolds,"Penfolds, BIN 28, Kalimna, Shiraz, South Australia, dry, red 0.75L",0.75 l (€46.53 / 1 l),€34.90
https://cdn.heinemann-shop.com/images/hbe/hc9/9327771222046.jpg,Bellingham,"Bellingham, Bernard Series, Bush Vine, Pinotage, Wine of Origin, CoastalRegion, dry, red, 0.75L",0.75 l (€25.20 / 1 l),€18.90
https://cdn.heinemann-shop.com/images/haf/h5f/9390189314078.jpg,Allegrini,"Allegrini, Belpasso, Rosso del Veronese, IGP, dry, red, (Bag in box), 3L",3 l (€8.63 / 1 l),€25.90
https://cdn.heinemann-shop.com/images/h39/ha1/9390188855326.jpg,Allegrini,"Allegrini, La Grola, Rosso del Veronese, Venetien, IGP, dry, red , 0.75L",0.75 l (€26.53 / 1 l),€19.90
https://cdn.heinemann-shop.com/images/h15/h4e/9176954044446.jpg,J. Christopher,"J. Christopher, Pinot Noir, Willamette Valley, Oregon, red, dry, 0.75L",0.75 l (€42.53 / 1 l),€31.90
https://cdn.heinemann-shop.com/images/hc2/he0/9176729485342.jpg,Famille Perrin,"Famille Perrin, Gigondas, La Gille, AOC, dry, red, 0.75L",0.75 l (€26.53 / 1 l),€19.90
https://cdn.heinemann-shop.com/images/h51/h53/9346987163678.jpg,Bouchard Père & Fils,"Bouchard Père & Fils, Côtes de Beaune Villages, AOC, dry, red, 0.75L",0.75 l (€26.53 / 1 l),€19.90
https://cdn.heinemann-shop.com/images/h5c/h61/9327693922334.jpg,Château Palmer,"Château Palmer, Margaux, AOC, 3ème Grand Cru Classé en Médoc, dry, red 0.75L",0.75 l (€461.20 / 1 l),from €345.90
https://cdn.heinemann-shop.com/images/h95/h55/9435839987742.jpg,Planeta,"Planeta, Maraccoli, Syrah, Sicilia, DOC, dry, red, 0.75L",0.75 l (€24.67 / 1 l),€18.50
https://cdn.heinemann-shop.com/images/h5f/h1e/9327731474462.jpg,Guigal,"Guigal, Châteauneuf-du-Pape, AOC dry red, 0.75L",0.75 l (€53.20 / 1 l),€39.90
https://cdn.heinemann-shop.com/images/hab/h30/9357997965342.jpg,Marchesi di Barolo,"Marchesi di Barolo, Barbaresco, DOCG, dry, red, 0.75L",0.75 l (€30.53 / 1 l),€22.90
https://cdn.heinemann-shop.com/images/h7e/h43/9180832432158.jpg,Marqués de Riscal,"Marqués de Riscal, Rueda, Rueda, DO, dry, white (screw cap), 0.75L",0.75 l (€8.40 / 1 l),€6.30
https://cdn.heinemann-shop.com/images/hf2/hb0/9177016041502.jpg,Bouchard Père & Fils,"Bouchard Père & Fils, Le Chardonnay de Chardonnay, AOC, Burgund, dry, white, 0.75L (gift box)",0.75 l (€21.20 / 1 l),€15.90
https://cdn.heinemann-shop.com/images/h0a/h30/9180714991646.jpg,Blue Nun,"Blue Nun, Eiswein, Rheinhessen, sweet, white (gift box) 0.5L",0.5 l (€91.80 / 1 l),€45.90
https://cdn.heinemann-shop.com/images/h35/hd6/9180428927006.jpg,Schloss Johannisberg,"Schloss Johannisberg, Grünlack, Riesling, Spätlese, Rheingau, semi-sweet, white, 0.75L",0.75 l (€42.53 / 1 l),€31.90
https://cdn.heinemann-shop.com/images/h37/hd1/9330051481630.jpg,Louis Jadot,"Louis Jadot, Chalumaux, Puligny-Montrachet, Premier Cru, AOC, dry, white 0.75L",0.75 l (€106.53 / 1 l),from €79.90
https://cdn.heinemann-shop.com/images/hba/hfc/9331005095966.jpg,Laroche,"Laroche, Les Chanoines, Chablis, AOC, dry, white (screw cap) 0.75L",0.75 l (€23.33 / 1 l),€17.50
https://cdn.heinemann-shop.com/images/hf3/h14/9338533183518.jpg,Domäne Wachau,"Domäne Wachau, Achleiten, Riesling, Smaragd, Wachau, dry, white (screwcap)",0.75 l (€37.20 / 1 l),from €27.90
https://cdn.heinemann-shop.com/images/h3f/h66/9180424339486.jpg,Concha y Toro,"Concha y Toro, Casillero del Diablo, Sauvignon Blanc, Valle Central, DO, dry, white (screw cap) 0.75L",0.75 l (€9.73 / 1 l),€7.30
https://cdn.heinemann-shop.com/images/he8/haa/9180641919006.jpg,Schloss Johannisberg,"Schloss Johannisberg, Rotlack, Riesling, Kabinett, Rheingau, semi-dry, white, 0.75L",0.75 l (€27.33 / 1 l),€20.50
https://cdn.heinemann-shop.com/images/h9d/h4d/9180578054174.jpg,Anselmann,"Anselmann, Riesling Classic, QbA, Palatinate, semi-dry, white, 0.75L",0.75 l (€10.00 / 1 l),€7.50
https://cdn.heinemann-shop.com/images/h56/hdb/9180581068830.jpg,Anselmann,"Anselmann, Grauer Burgunder Classic, QbA, Palatinate, semi-dry, white, 0.75L",0.75 l (€10.00 / 1 l),€7.50
https://cdn.heinemann-shop.com/images/h53/h59/9173093482526.jpg,J. Moreau & Fils,"J. Moreau & Fils, Chablis Grand Cru, Valmur, AOC, dry, white 0.75L",0.75 l (€59.87 / 1 l),€44.90
https://cdn.heinemann-shop.com/images/h67/h14/9180742254622.jpg,Louis Jadot,"Louis Jadot, Chassagne-Montrachet, AOC, dry, white 0.75L",0.75 l (€82.53 / 1 l),€61.90
https://cdn.heinemann-shop.com/images/h8a/hbf/9330667454494.jpg,Louis Jadot,"Louis Jadot, Les Deux Versants, Pouilly-Fuissé, AOC, dry, white 0.75L",0.75 l (€38.53 / 1 l),€28.90
https://cdn.heinemann-shop.com/images/hd8/hf4/9180658073630.jpg,Louis Jadot,"Louis Jadot, Les Vireuils, Meursault, AOC, dry, white 0.75L",0.75 l (€78.53 / 1 l),€58.90
https://cdn.heinemann-shop.com/images/haa/h10/9339459567646.jpg,Esterházy,"Esterházy, Eiswein, Burgenland, sweet, white 0.375L",0.375 l (€111.73 / 1 l),from €41.90
https://cdn.heinemann-shop.com/images/h44/h48/9180446261278.jpg,Anselmann,"Anselmann, Eiswein, Palatinate, sweet, white, 0.375L",0.375 l (€114.40 / 1 l),€42.90
https://cdn.heinemann-shop.com/images/h71/hf3/9329769906206.jpg,Laroche,"Laroche, Chablis Premier Cru, Les Fourchaumes Vieilles Vignes, AOC, Burgundy, dry, white, 0.75L",0.75 l (€45.20 / 1 l),from €33.90
https://cdn.heinemann-shop.com/images/h8e/h33/9172992327710.jpg,Royal Tokaji,"Royal Tokaji, 5 Puttonyos, Blue Label, Tokaji, sweet, white, 0.5L",0.5 l (€49.80 / 1 l),from €24.90
https://cdn.heinemann-shop.com/images/h13/h0c/9180487876638.jpg,Guigal,"Guigal, Côtes du Rhône, AOC, dry, white 0.75L",0.75 l (€15.33 / 1 l),€11.50
https://cdn.heinemann-shop.com/images/h6f/hfb/9504757055518.jpg,Domäne Wachau,"Domäne Wachau, Axpoint, Grüner Veltliner, Reserve, Wachau, dry, white (screwcap) 0.75L",0.75 l (€31.87 / 1 l),from €23.90
https://cdn.heinemann-shop.com/images/h67/h5b/9369901039646.jpg,Bürgerspital,"Bürgerspital, Würzburger Stein, Silvaner, Erste Lage, Franken, dry, white, 0.75L",0.75 l (€19.87 / 1 l),€14.90
https://cdn.heinemann-shop.com/images/hb6/h9d/9504386613278.jpg,Pfaffl,"Pfaffl, Hund, Grüner Veltliner, Weinviertel, DAC Reserve, dry, white (screw cap) 0.75L",0.75 l (€21.20 / 1 l),from €15.90
https://cdn.heinemann-shop.com/images/h6b/h5f/9510538149918.jpg,Guy Saget,"Guy Saget, Sancerre, AOC, dry, white 0.75L",0.75 l (€26.00 / 1 l),€19.50
https://cdn.heinemann-shop.com/images/ha4/h29/9420995624990.jpg,Pfaffl,"Pfaffl, Zeisen, Grüner Veltliner, Weinviertel, DAC, dry, white (screwcap) 0.75L",0.75 l (€13.20 / 1 l),€9.90
https://cdn.heinemann-shop.com/images/h2a/h3b/9358069235742.jpg,Pfaffl,"Pfaffl, Sonne, Riesling, Niederösterreich, dry, white (screw cap) 0.75L",0.75 l (€19.87 / 1 l),from €14.90
https://cdn.heinemann-shop.com/images/he7/hd7/9504756826142.jpg,Domäne Wachau,"Domäne Wachau, Grüner Veltliner, Smaragd, Terrassen, Wachau, dry, white (screw cap) 0.75L",0.75 l (€21.20 / 1 l),from €15.90
https://cdn.heinemann-shop.com/images/hfd/h4d/9330432114718.jpg,Mouton Cadet,"Baron Philippe de Rothschild, Mouton Cadet Réserve, Sauternes, AOC, sweet, white, 0.75L",0.75 l (€30.53 / 1 l),from €22.90
https://cdn.heinemann-shop.com/images/h6c/h44/9180463661086.jpg,Torres,"Torres, Gran Viña Sol, Chardonnay, DO, Penedès, dry, white, 0.75L",0.75 l (€16.40 / 1 l),€12.30
https://cdn.heinemann-shop.com/images/he9/h25/9380908204062.jpg,Langguth,"Langguth, Oppenheimer Krötenbrunnen, QbA, Rheinhessen, semi-sweet, white 0.75L",0.75 l (€6.00 / 1 l),€4.50
https://cdn.heinemann-shop.com/images/hcb/h69/9402562609182.jpg,Kloster Eberbach,"Kloster Eberbach, Cresentia, Baiken, Riesling, Kabinett, Rheingau, dry, white (screw cap) 0.75L",0.75 l (€17.20 / 1 l),€12.90
https://cdn.heinemann-shop.com/images/hf0/hf2/9180441739294.jpg,Schloss Johannisberg,"Schloss Johannisberg, Silberlack, Riesling, großes Gewächs, Rheingau, dry, white, 0.75L",0.75 l (€57.20 / 1 l),€42.90
https://cdn.heinemann-shop.com/images/h7c/h07/9180778758174.jpg,Kloster Eberbach,"Kloster Eberbach, Steinberg, Riesling, QbA, Rheingau, semi-sweet, white (screw cap), 0.75L",0.75 l (€15.33 / 1 l),€11.50
https://cdn.heinemann-shop.com/images/ha9/h57/9402549075998.jpg,Schloss Johannisberg,"Schloss Johannisberg, Gelblack, Riesling, QbA, Rheingau, dry, white, 0.75L",0.75 l (€19.87 / 1 l),€14.90
https://cdn.heinemann-shop.com/images/h06/hfd/9173047017502.jpg,Laroche,"Laroche, Chablis, AOC, dry, white, (screw cap), 1.5L",1.5 l (€21.93 / 1 l),€32.90
https://cdn.heinemann-shop.com/images/hcb/h39/9180505964574.jpg,Hugel,"Hugel, Gewürztraminer, Vendage Tardive, Alsace, AOC, sweet, white",0.75 l (€45.20 / 1 l),€33.90
https://cdn.heinemann-shop.com/images/hc8/h56/9180708208670.jpg,Albert Bichot,"Albert Bichot, L'Orangerie, Chablis, AOC, dry, white 0.75L",0.75 l (€21.20 / 1 l),€15.90
https://cdn.heinemann-shop.com/images/h36/h50/9415522943006.jpg,Laroche,"Laroche, Chablis, St. Martin, AOC, dry, white, (screw cap), 0.75L",0.75 l (€26.53 / 1 l),€19.90
https://cdn.heinemann-shop.com/images/h60/h3a/9331229982750.jpg,Errázuriz,"Errázuriz, Sauvignon Blanc, Aconcagua Costa, DO, dry, white (screw cap) 0.75L",0.75 l (€16.67 / 1 l),€12.50
https://cdn.heinemann-shop.com/images/he3/hca/9180577300510.jpg,Torres,"Torres, San Valentin, Catalonia, DO, semi-dry, white (Bag in Box) 1.5L",1.5 l (€8.87 / 1 l),€13.30
https://cdn.heinemann-shop.com/images/hba/hde/9390198521886.jpg,Bassermann-Jordan,"Bassermann-Jordan, Pinot Blanc, QbA, dry, white (screw cap), 0.75L",0.75 l (€12.67 / 1 l),€9.50
https://cdn.heinemann-shop.com/images/h29/h92/8931290480670.jpg,Tommasi,"Tommasi, Adorato, Appassionato Vino d'Italia, dry, white 0.75L",0.75 l (€14.53 / 1 l),€10.90
https://cdn.heinemann-shop.com/images/hc1/he8/9176698290206.jpg,William Fèvre,"William Fèvre, Chablis Premier Cru, Vaillons, AOC, dry, white, 0.75L",0.75 l (€42.53 / 1 l),€31.90
https://cdn.heinemann-shop.com/images/h17/h8a/9338512670750.jpg,Pfaffl,"Pfaffl, Wien 1, dry, white, 0.75L",0.75 l (€11.33 / 1 l),from €8.50
https://cdn.heinemann-shop.com/images/hbd/h53/9180592603166.jpg,Bellingham,"Bellingham, Bernard Series, Old Vine, Chenin Blanc, Wine of Origin ,Coastal Region, dry, white , 0.75L",0.75 l (€19.87 / 1 l),€14.90
https://cdn.heinemann-shop.com/images/he5/h09/9176572002334.jpg,3 Winzer,"3 Winzer, Riesling, QbA, Rheinhessen, dry, white (Bag in Box), 1.5L",1.5 l (€11.93 / 1 l),€17.90
https://cdn.heinemann-shop.com/images/h8a/h46/9240838209566.jpg,Wittmann,"Wittmann, Grauburgunder, Rheinhessen, QbA, dry, white (screwcap) 0.75L, Organic",0.75 l (€14.53 / 1 l),€10.90
https://cdn.heinemann-shop.com/images/h23/h58/9180659580958.jpg,Dr. Loosen,"Dr. Loosen, Red Slate, Riesling, Kabinett, Mosel, semi-sweet, white, 0.375L",0.375 l (€19.47 / 1 l),€7.30
https://cdn.heinemann-shop.com/images/h10/hb0/9390183383070.jpg,Bassermann-Jordan,"Bassermann-Jordan, Pionier, Sauvignon Blanc, QbA, Pfalz, dry, white, 0.75L",0.75 l (€17.20 / 1 l),€12.90
https://cdn.heinemann-shop.com/images/hf6/hdc/9514584145950.jpg,Schloss Vollrads,"Schloss Vollrads, Riesling, Mittelheimer Edelmann, Prädikatswein, dry, white screwcap)",0.75 l (€24.67 / 1 l),€18.50
https://cdn.heinemann-shop.com/images/h51/h4c/9176915968030.jpg,Wittmann,"Wittmann, Limestone Rocks, Riesling, Rheinhessen, QbA, dry, white (screwcap, organic)",0.75 l (€21.20 / 1 l),€15.90
https://cdn.heinemann-shop.com/images/h21/hc0/9180787867678.jpg,Matua,"Matua Valley, Sauvignon Blanc, Marlborough, dry, white, (bag in box), 1.5L",1.5 l (€13.27 / 1 l),€19.90
https://cdn.heinemann-shop.com/images/h37/h40/9180833185822.jpg,Torres,"Torres, Pazo das Bruxas, Albariño, Rias Baixas, DO, dry, white , 0.75L",0.75 l (€15.87 / 1 l),€11.90
https://cdn.heinemann-shop.com/images/he7/hc7/9423752691742.jpg,Pascal Jolivet,"Pascal Jolivet, Sancerre, AOC, dry, white 0.75L",0.75 l (€26.00 / 1 l),€19.50
https://cdn.heinemann-shop.com/images/h9b/h6e/9176941854750.jpg,Markus Molitor,"Markus Molitor, Riesling, QbA, Mosel, dry, white, 0.75L, Alte Reben Mosel Prestige",0.75 l (€27.87 / 1 l),€20.90
https://cdn.heinemann-shop.com/images/h12/h64/9501275160606.jpg,Markus Molitor,"Markus Molitor, Riesling, QbA, Mosel, dry, white, 0.75L",0.75 l (€15.87 / 1 l),€11.90
https://cdn.heinemann-shop.com/images/hf5/h72/9180578807838.jpg,Rotkäppchen,"Rotkäppchen, Müller-Thurgau, QbA, Rheinhessen, semi-dry, white (screw cap), 0.75L",0.75 l (€5.20 / 1 l),€3.90
https://cdn.heinemann-shop.com/images/hb4/h6e/9180587098142.jpg,Rupert & Rothschild,"Rupert & Rothschild, Baroness Nadine, Chardonnay, Western Cape, Wine of Origin, dry, white 0.75L",0.75 l (€34.53 / 1 l),€25.90
https://cdn.heinemann-shop.com/images/h47/h54/8931609968670.jpg,Lindemans,Lindemans BIN 65 Chardonnay 3L 2013 (Bag in Box),3 l (€6.50 / 1 l),€19.50
https://cdn.heinemann-shop.com/images/h78/h2b/9180656566302.jpg,Wolf Blass,Wolf Blass Priviate Release Chardonnay 2013 0.75L,0.75 l (€15.87 / 1 l),€11.90
https://cdn.heinemann-shop.com/images/h7a/h23/9180569665566.jpg,Leitz,"Leitz, Eins Zwei Dry, Riesling, QbA, Rheingau, dry, white (screw cap) 0.75L",0.75 l (€13.20 / 1 l),€9.90
https://cdn.heinemann-shop.com/images/ha2/hfe/9462401499166.jpg,Brancott,"Brancott B Sauvignon Blanc, Marlborough, dry, white, 0.75L",0.75 l (€19.07 / 1 l),€14.30
https://cdn.heinemann-shop.com/images/he5/h1a/9177118474270.jpg,Villa Huesgen,"Villa Huesgen, Enkircher Steffensberg, Riesling, Kabinett, Mosel, semi-dry, white, 0.75L",0.75 l (€19.87 / 1 l),€14.90
https://cdn.heinemann-shop.com/images/heb/h28/9180461400094.jpg,Charles Smith,Charles Smith Wines Kung Fu Girl Riesling 0.75L,0.75 l (€17.20 / 1 l),€12.90
https://cdn.heinemann-shop.com/images/h45/h5c/9180403236894.jpg,Domaine Tariquet,"Tariquet, Classic, IGP Côtes de Gascogne, dry, white 0.75L (screw cap)",0.75 l (€10.53 / 1 l),€7.90
https://cdn.heinemann-shop.com/images/h4a/h5d/9180414541854.jpg,Domaine Tariquet,"Tariquet, Classic, IGP Côtes de Gascogne, dry, white 3L (Bag in Box)",3 l (€8.30 / 1 l),€24.90
https://cdn.heinemann-shop.com/images/ha1/h93/9180635136030.jpg,Leitz,"Leitz, Riesling, QbA, Rheinhessen, dry, white (BIB) 3L",3 l (€8.83 / 1 l),€26.50
Image is missing,Cono Sur,"Cono Sur, Bicicleta, Chardonnay, Central Valley, DO, dry, white 0.75L",0.75 l (€10.53 / 1 l),€7.90
https://cdn.heinemann-shop.com/images/hc9/he3/9207976198174.jpg,Chapel Hill,"Chapel Hill, Riesling Sauvignon Blanc, dry, white (bag in box) 3L",3 l (€4.97 / 1 l),€14.90
https://cdn.heinemann-shop.com/images/h6a/had/9180540895262.jpg,Albert Bichot,"Albert Bichot, Domaine Long-Depaquit, Chablis, AOC, dry, white 0.75L",0.75 l (€23.87 / 1 l),€17.90
https://cdn.heinemann-shop.com/images/h09/hee/9200432676894.jpg,Laroche,"Laroche, Les Vaudevey, Chablis Premier Cru, AOC, dry, white 0.75L",0.75 l (€39.87 / 1 l),€29.90
https://cdn.heinemann-shop.com/images/h06/hf5/9180568911902.jpg,Bürgerspital,"Bürgerspital, Rieslaner, Auslese, Franken, semi-sweet, white (screw cap) 0.75L",0.75 l (€34.53 / 1 l),€25.90
https://cdn.heinemann-shop.com/images/hf5/ha3/9393692540958.jpg,Laroche,"Laroche, Chablis Grand Cru, Les Blanchots, AOC, Burgundy, dry, white, 0.75L",0.75 l (€89.20 / 1 l),€66.90
https://cdn.heinemann-shop.com/images/h24/hee/9176960827422.jpg,Hugel,"Hugel, Riesling Classic, Alsace, AOC, dry, white 0.75L",0.75 l (€19.33 / 1 l),€14.50
https://cdn.heinemann-shop.com/images/hfe/h81/9180438724638.jpg,Anselmann,"Anselmann, Trockenbeerenauslese, Palatinate, sweet, white, 0.375L",0.375 l (€63.73 / 1 l),from €23.90
https://cdn.heinemann-shop.com/images/hc8/h79/9330557943838.jpg,Laroche,"Laroche, Les Chanoines, Chablis, AOC, dry, white (screw cap) 0.375L",0.375 l (€29.07 / 1 l),€10.90
https://cdn.heinemann-shop.com/images/h59/h59/9177095766046.jpg,Hardy's,"Hardy's, Varietal Range, Chardonnay, dry, white (Bag in Box) 3L",3 l (€5.97 / 1 l),€17.90
https://cdn.heinemann-shop.com/images/hdd/h7e/8934026313758.jpg,Tommasi,"Tommasi, Lugana, Le Fornaci, DOC, dry, white 0.75L",0.75 l (€17.20 / 1 l),€12.90
https://cdn.heinemann-shop.com/images/h91/h25/9180416802846.jpg,Hugel,"Hugel, Gentil Hugel, Alsace, AOC, dry, white",0.75 l (€13.20 / 1 l),€9.90
https://cdn.heinemann-shop.com/images/h7a/h06/9332411498526.jpg,Laroche,"Laroche, Chablis Premier Cru, La Chantrerie, AOC, Burgundy, dry, white, (screw cap), 0.75L",0.75 l (€31.33 / 1 l),€23.50
https://cdn.heinemann-shop.com/images/ha6/h9d/9180692971550.jpg,Mertes,"Turmfalke, Weißer Burgunder, QbA, Palatinate, dry, white (screw cap), 0.75L",0.75 l (€5.20 / 1 l),€3.90
https://cdn.heinemann-shop.com/images/hc5/h70/9180429680670.jpg,Caliterra,"Bürgerspital, Rieslaner, Auslese, Franken, semi-sweet, white (screw cap) 0.75L",0.75 l (€9.20 / 1 l),€6.90
https://cdn.heinemann-shop.com/images/hf1/hbb/9180829351966.jpg,Guy Saget,"Guy Saget, Pouilly Fumé, AOC, dry, white 0.75L",0.75 l (€23.87 / 1 l),€17.90
https://cdn.heinemann-shop.com/images/ha4/h65/9177144918046.jpg,E. & J. Gallo,"E. & J. Gallo, Gallo Family Vineyards, Sauvignon Blanc, California, dry, white 0.75L (screw cap)",0.75 l (€6.53 / 1 l),€4.90
https://cdn.heinemann-shop.com/images/h9c/ha1/9180410773534.jpg,Bach,"Bach, Viña Extrisima, Penedès, DO, semi-dry, white, 0.75L",0.75 l (€5.73 / 1 l),€4.30
https://cdn.heinemann-shop.com/images/h9d/hbd/9330496077854.jpg,Mouton Cadet,"Baron Philippe de Rothschild, Mouton Cadet, Bordeaux, AOC, dry, white, 0.75L",0.75 l (€13.20 / 1 l),€9.90
https://cdn.heinemann-shop.com/images/h28/h47/9180552200222.jpg,Domaines Barons de Rothschild,"Domaines Barons de Rothschild, Légende R, Bordeaux, AOC, dry, white, 0.75L",0.75 l (€13.20 / 1 l),€9.90
https://cdn.heinemann-shop.com/images/hd8/h30/9173081260062.jpg,J. Moreau & Fils,"J. Moreau & Fils, Chablis Premier Cru, Fourchaumes, AOC, Burgundy, dry, white, 0.75L",0.75 l (€35.87 / 1 l),€26.90
https://cdn.heinemann-shop.com/images/hce/hd6/9180551446558.jpg,Masi,"Masi, Masianco, Pinot Grigio / Verduzzo, Veneto, IGP, dry, white, 0.375L",0.375 l (€15.73 / 1 l),€5.90
https://cdn.heinemann-shop.com/images/hc1/hf2/9180505210910.jpg,Villa Maria,"Villa Maria, Private Bin, Organic, Sauvignon Blanc, Marlborough, dry, white (screw cap, organic) 0.75L",0.75 l (€17.20 / 1 l),€12.90
https://cdn.heinemann-shop.com/images/h5d/hc9/9327638347806.jpg,Matua,Matua Lands & Legends Marlborough Sauvignon Blanc 2013 0.75L,0.75 l (€18.53 / 1 l),€13.90
https://cdn.heinemann-shop.com/images/h30/h9b/9180664102942.jpg,Concha y Toro,"Concha y Toro, Frontera, Sauvignon Blanc, Valle Central, DO, dry, white (screw cap), 0.75L",0.75 l (€6.00 / 1 l),€4.50
https://cdn.heinemann-shop.com/images/hef/h01/9327765422110.jpg,Pascal Jolivet,"Pascal Jolivet, Sancerre, Les Caillottes, AOC, dry, white 0.75L",0.75 l (€29.20 / 1 l),€21.90
https://cdn.heinemann-shop.com/images/h64/hff/9338721107998.jpg,Albert Bichot,"Albert Bichot, Meursault, AOC, dry, white, 0.75L",0.75 l (€61.20 / 1 l),€45.90
https://cdn.heinemann-shop.com/images/hb3/hf7/9180568092702.jpg,Dr. L,"Dr. L, Riesling, Mosel, QbA, semi-sweet, white (screwcap), 0.75L",0.75 l (€10.00 / 1 l),€7.50
https://cdn.heinemann-shop.com/images/h73/hf0/9180560490526.jpg,Dr. Loosen,"Dr. Loosen, Ürziger Würzgarten Riesling Spätlese, sweet, white, 0.75L",0.75 l (€27.87 / 1 l),€20.90
https://cdn.heinemann-shop.com/images/h09/hee/9200432676894.jpg,Laroche,"Laroche, Les Vaudevey, Chablis Premier Cru, AOC, dry, white 0.75L",0.75 l (€39.87 / 1 l),€29.90
https://cdn.heinemann-shop.com/images/h06/hf5/9180568911902.jpg,Bürgerspital,"Bürgerspital, Rieslaner, Auslese, Franken, semi-sweet, white (screw cap) 0.75L",0.75 l (€34.53 / 1 l),€25.90
https://cdn.heinemann-shop.com/images/h0a/h30/9180714991646.jpg,Blue Nun,"Blue Nun, Eiswein, Rheinhessen, sweet, white (gift box) 0.5L",0.5 l (€91.80 / 1 l),€45.90
https://cdn.heinemann-shop.com/images/hc1/hf2/9180505210910.jpg,Villa Maria,"Villa Maria, Private Bin, Organic, Sauvignon Blanc, Marlborough, dry, white (screw cap, organic) 0.75L",0.75 l (€17.20 / 1 l),€12.90
https://cdn.heinemann-shop.com/images/hc8/h56/9180708208670.jpg,Albert Bichot,"Albert Bichot, L'Orangerie, Chablis, AOC, dry, white 0.75L",0.75 l (€21.20 / 1 l),€15.90
https://cdn.heinemann-shop.com/images/h5d/hc9/9327638347806.jpg,Matua,Matua Lands & Legends Marlborough Sauvignon Blanc 2013 0.75L,0.75 l (€18.53 / 1 l),€13.90
https://cdn.heinemann-shop.com/images/h36/h50/9415522943006.jpg,Laroche,"Laroche, Chablis, St. Martin, AOC, dry, white, (screw cap), 0.75L",0.75 l (€26.53 / 1 l),€19.90
https://cdn.heinemann-shop.com/images/h30/h9b/9180664102942.jpg,Concha y Toro,"Concha y Toro, Frontera, Sauvignon Blanc, Valle Central, DO, dry, white (screw cap), 0.75L",0.75 l (€6.00 / 1 l),€4.50
https://cdn.heinemann-shop.com/images/hef/h01/9327765422110.jpg,Pascal Jolivet,"Pascal Jolivet, Sancerre, Les Caillottes, AOC, dry, white 0.75L",0.75 l (€29.20 / 1 l),€21.90
https://cdn.heinemann-shop.com/images/h64/hff/9338721107998.jpg,Albert Bichot,"Albert Bichot, Meursault, AOC, dry, white, 0.75L",0.75 l (€61.20 / 1 l),€45.90
https://cdn.heinemann-shop.com/images/hb3/hf7/9180568092702.jpg,Dr. L,"Dr. L, Riesling, Mosel, QbA, semi-sweet, white (screwcap), 0.75L",0.75 l (€10.00 / 1 l),€7.50
https://cdn.heinemann-shop.com/images/h73/hf0/9180560490526.jpg,Dr. Loosen,"Dr. Loosen, Ürziger Würzgarten Riesling Spätlese, sweet, white, 0.75L",0.75 l (€27.87 / 1 l),€20.90
https://cdn.heinemann-shop.com/images/h1d/h13/9176767889438.jpg,Dr. Loosen,"Dr. Loosen, Riesling Eiswein, sweet, white, (gift box), 0.187L",0.187 l (€213.37 / 1 l),€39.90
https://cdn.heinemann-shop.com/images/h0d/h26/9414543147038.jpg,Domäne Wachau,"Domäne Wachau, Grüner Veltliner Federspiel Himmelstiege, dry, white (screw-cap), 0.75L",0.75 l (€13.20 / 1 l),€9.90
https://cdn.heinemann-shop.com/images/h84/h7c/9390192132126.jpg,Bassermann-Jordan,"Bassermann-Jordan, Deidesheim Hohenmorgen, Riesling, Großes Gewächs, Pfalz, dry, white (Organic), 0.75L",0.75 l (€50.53 / 1 l),€37.90
https://cdn.heinemann-shop.com/images/hff/h52/9501665722398.jpg,Bassermann-Jordan,"Bassermann-Jordan, Riesling, Kabinett, Pfalz, semi-sweet, white, (srew cap), 0.75L",0.75 l (€18.53 / 1 l),€13.90
https://cdn.heinemann-shop.com/images/hb8/h88/9400768135198.jpg,Dr. Loosen,"Dr. Loosen, Riesling Kabinett Blue Slate, sweet, white, (screw-cap), 0.75L",0.75 l (€17.20 / 1 l),€12.90
https://cdn.heinemann-shop.com/images/h60/h3a/9331229982750.jpg,Errázuriz,"Errázuriz, Sauvignon Blanc, Aconcagua Costa, DO, dry, white (screw cap) 0.75L",0.75 l (€16.67 / 1 l),€12.50
https://cdn.heinemann-shop.com/images/he3/hca/9180577300510.jpg,Torres,"Torres, San Valentin, Catalonia, DO, semi-dry, white (Bag in Box) 1.5L",1.5 l (€8.87 / 1 l),€13.30
https://cdn.heinemann-shop.com/images/hba/hde/9390198521886.jpg,Bassermann-Jordan,"Bassermann-Jordan, Pinot Blanc, QbA, dry, white (screw cap), 0.75L",0.75 l (€12.67 / 1 l),€9.50
https://cdn.heinemann-shop.com/images/h29/h92/8931290480670.jpg,Tommasi,"Tommasi, Adorato, Appassionato Vino d'Italia, dry, white 0.75L",0.75 l (€14.53 / 1 l),€10.90
https://cdn.heinemann-shop.com/images/hc1/he8/9176698290206.jpg,William Fèvre,"William Fèvre, Chablis Premier Cru, Vaillons, AOC, dry, white, 0.75L",0.75 l (€42.53 / 1 l),€31.90
https://cdn.heinemann-shop.com/images/h17/h8a/9338512670750.jpg,Pfaffl,"Pfaffl, Wien 1, dry, white, 0.75L",0.75 l (€11.33 / 1 l),from €8.50
https://cdn.heinemann-shop.com/images/hbd/h53/9180592603166.jpg,Bellingham,"Bellingham, Bernard Series, Old Vine, Chenin Blanc, Wine of Origin ,Coastal Region, dry, white , 0.75L",0.75 l (€19.87 / 1 l),€14.90
https://cdn.heinemann-shop.com/images/he5/h09/9176572002334.jpg,3 Winzer,"3 Winzer, Riesling, QbA, Rheinhessen, dry, white (Bag in Box), 1.5L",1.5 l (€11.93 / 1 l),€17.90
https://cdn.heinemann-shop.com/images/h8a/h46/9240838209566.jpg,Wittmann,"Wittmann, Grauburgunder, Rheinhessen, QbA, dry, white (screwcap) 0.75L, Organic",0.75 l (€14.53 / 1 l),€10.90
https://cdn.heinemann-shop.com/images/h23/h58/9180659580958.jpg,Dr. Loosen,"Dr. Loosen, Red Slate, Riesling, Kabinett, Mosel, semi-sweet, white, 0.375L",0.375 l (€19.47 / 1 l),€7.30
https://cdn.heinemann-shop.com/images/h10/hb0/9390183383070.jpg,Bassermann-Jordan,"Bassermann-Jordan, Pionier, Sauvignon Blanc, QbA, Pfalz, dry, white, 0.75L",0.75 l (€17.20 / 1 l),€12.90
https://cdn.heinemann-shop.com/images/hf6/hdc/9514584145950.jpg,Schloss Vollrads,"Schloss Vollrads, Riesling, Mittelheimer Edelmann, Prädikatswein, dry, white screwcap)",0.75 l (€24.67 / 1 l),€18.50
https://cdn.heinemann-shop.com/images/h51/h4c/9176915968030.jpg,Wittmann,"Wittmann, Limestone Rocks, Riesling, Rheinhessen, QbA, dry, white (screwcap, organic)",0.75 l (€21.20 / 1 l),€15.90
https://cdn.heinemann-shop.com/images/h21/hc0/9180787867678.jpg,Matua,"Matua Valley, Sauvignon Blanc, Marlborough, dry, white, (bag in box), 1.5L",1.5 l (€13.27 / 1 l),€19.90
https://cdn.heinemann-shop.com/images/h37/h40/9180833185822.jpg,Torres,"Torres, Pazo das Bruxas, Albariño, Rias Baixas, DO, dry, white , 0.75L",0.75 l (€15.87 / 1 l),€11.90
https://cdn.heinemann-shop.com/images/he7/hc7/9423752691742.jpg,Pascal Jolivet,"Pascal Jolivet, Sancerre, AOC, dry, white 0.75L",0.75 l (€26.00 / 1 l),€19.50
https://cdn.heinemann-shop.com/images/h9b/h6e/9176941854750.jpg,Markus Molitor,"Markus Molitor, Riesling, QbA, Mosel, dry, white, 0.75L, Alte Reben Mosel Prestige",0.75 l (€27.87 / 1 l),€20.90
https://cdn.heinemann-shop.com/images/h12/h64/9501275160606.jpg,Markus Molitor,"Markus Molitor, Riesling, QbA, Mosel, dry, white, 0.75L",0.75 l (€15.87 / 1 l),€11.90
https://cdn.heinemann-shop.com/images/hf5/h72/9180578807838.jpg,Rotkäppchen,"Rotkäppchen, Müller-Thurgau, QbA, Rheinhessen, semi-dry, white (screw cap), 0.75L",0.75 l (€5.20 / 1 l),€3.90
https://cdn.heinemann-shop.com/images/hb4/h6e/9180587098142.jpg,Rupert & Rothschild,"Rupert & Rothschild, Baroness Nadine, Chardonnay, Western Cape, Wine of Origin, dry, white 0.75L",0.75 l (€34.53 / 1 l),€25.90
https://cdn.heinemann-shop.com/images/h47/h54/8931609968670.jpg,Lindemans,Lindemans BIN 65 Chardonnay 3L 2013 (Bag in Box),3 l (€6.50 / 1 l),€19.50
https://cdn.heinemann-shop.com/images/h78/h2b/9180656566302.jpg,Wolf Blass,Wolf Blass Priviate Release Chardonnay 2013 0.75L,0.75 l (€15.87 / 1 l),€11.90
https://cdn.heinemann-shop.com/images/h43/h7f/9180824829982.jpg,Leitz,"Leitz, Magic Mountain, Riesling, QbA, Rheingau, dry, white (screw cap) 0.75L",0.75 l (€19.33 / 1 l),€14.50
https://cdn.heinemann-shop.com/images/h7a/h23/9180569665566.jpg,Leitz,"Leitz, Eins Zwei Dry, Riesling, QbA, Rheingau, dry, white (screw cap) 0.75L",0.75 l (€13.20 / 1 l),€9.90
https://cdn.heinemann-shop.com/images/ha2/hfe/9462401499166.jpg,Brancott,"Brancott B Sauvignon Blanc, Marlborough, dry, white, 0.75L",0.75 l (€19.07 / 1 l),€14.30
https://cdn.heinemann-shop.com/images/he5/h1a/9177118474270.jpg,Villa Huesgen,"Villa Huesgen, Enkircher Steffensberg, Riesling, Kabinett, Mosel, semi-dry, white, 0.75L",0.75 l (€19.87 / 1 l),€14.90
https://cdn.heinemann-shop.com/images/h43/h2e/9356406489118.jpg,Laroche,"Laroche, Chardonnay L, Languedoc, IGP, dry, white (bag in box) 3L",3 l (€9.30 / 1 l),€27.90
https://cdn.heinemann-shop.com/images/hf2/h5b/9180853698590.jpg,Masi,"Masi, Masianco, Pinot Grigio/Verduzzo, Veneto, IGP, dry, white (bag in box) 3L",3 l (€9.97 / 1 l),€29.90
https://cdn.heinemann-shop.com/images/h0b/h75/9173058715678.jpg,Laroche,"Laroche, Chardonnay L, Languedoc, IGP, dry, white (pouch) 1.5L",1.5 l (€9.93 / 1 l),€14.90
https://cdn.heinemann-shop.com/images/h70/hb8/9180765421598.jpg,Kloster Eberbach,"Kloster Eberbach, OMA, Riesling, QbA, Rheingau, dry, white (screw cap), 0.75L",0.75 l (€13.20 / 1 l),€9.90
https://cdn.heinemann-shop.com/images/hfd/hb0/9469474275358.jpg,La Crema,"La Crema, Chardonnay, Sonoma Coast, dry, white 0.75L",0.75 l (€34.00 / 1 l),€25.50
https://cdn.heinemann-shop.com/images/h70/hdc/9402552057886.jpg,Kendall-Jackson,"Kendall-Jackson, Vintner's Reserve, Chardonnay, California, dry, white 0.75L",0.75 l (€23.87 / 1 l),€17.90
https://cdn.heinemann-shop.com/images/hf4/hfc/9180689170462.jpg,Attems,"Attems, Pinot Grigio, Friuli, IGT, dry, white",0.75 l (€15.87 / 1 l),€11.90
https://cdn.heinemann-shop.com/images/hae/h7f/9180666363934.jpg,Albert Bichot,"Albert Bichot, Meursault, Premier Cru, Les Charmes, AOC, dry, white 0.75L",0.75 l (€79.87 / 1 l),€59.90
https://cdn.heinemann-shop.com/images/h97/h01/9180683108382.jpg,Attems,"Attems, Cicinis, Sauvignon Blanc, Collio, DOC, dry, white",0.75 l (€32.67 / 1 l),€24.50
https://cdn.heinemann-shop.com/images/hd5/h6d/9358125957150.jpg,Poggio al Tesoro,"Poggio al Tesoro, Solosole, Bolgheri, DOC, dry, white",0.75 l (€21.20 / 1 l),€15.90
https://cdn.heinemann-shop.com/images/h67/h25/9176574263326.jpg,Wittmann,"Wittmann, Riesling, Rheinhessen, QbA, dry, white (screw cap) 0.75L Organic",0.75 l (€14.53 / 1 l),€10.90
https://cdn.heinemann-shop.com/images/h59/h13/9338330808350.jpg,Château de Santenay,"Château de Santenay, Mercurey, AOC, dry, white 0.75L",0.75 l (€27.87 / 1 l),€20.90
https://cdn.heinemann-shop.com/images/h07/h95/9493560360990.jpg,Domäne Wachau,"Domäne Wachau, Riesling, Federspiel, Steinriegl, dry, white (screw cap) 0.75L",0.75 l (€18.00 / 1 l),from €13.50
https://cdn.heinemann-shop.com/images/h02/h4a/9172912341022.jpg,Philippe Michel,"Michel Léon, Pinot Blanc Alsace, AOC, dry, white 0.75L",0.75 l (€12.67 / 1 l),€9.50
https://cdn.heinemann-shop.com/images/h8c/h63/9180548431902.jpg,Klein Constantia,"Klein Constantia, Metis, Sauvignon Blanc, Wine of Origin, Constantia, dry, white, 0.75L",0.75 l (€26.00 / 1 l),€19.50
https://cdn.heinemann-shop.com/images/ha9/h62/9180554461214.jpg,Klein Constantia,"Klein Constantia, Sauvignon Blanc, Wine of Origin, Constantia, dry, white 0.75L",0.75 l (€16.40 / 1 l),€12.30
https://cdn.heinemann-shop.com/images/he2/h39/9180718759966.jpg,Feudi di San Gregorio,"Feudi di San Gregorio, Greco di Tufo, DOCG, campania, dry, white, 0.75L",0.75 l (€15.87 / 1 l),€11.90
https://cdn.heinemann-shop.com/images/h6f/h71/9329747132446.jpg,Klein Constantia,"Klein Constantia, Vin de Constance Moscato, Wine of Origin, Constantia, sweet, white, 0.5L",0.5 l (€99.80 / 1 l),€49.90
https://cdn.heinemann-shop.com/images/h97/h50/9160383791134.jpg,Suomi,Suomi Bordeaux Blanc 0.75L,0.75 l (€20.40 / 1 l),€15.30
https://cdn.heinemann-shop.com/images/h8c/h53/9329078632478.jpg,Craggy Range,"Craggy Range, Sauvignon Blanc, Te Muna Road Vineyard, Martinborough, dry, white (screw cap) 0.75L",0.75 l (€27.33 / 1 l),€20.50
https://cdn.heinemann-shop.com/images/h26/h35/9180540141598.jpg,Cono Sur,"Cono Sur, Single Vineyard, Riesling, Bío-Bío Valley, dry, white 0.75L (screw cap)",0.75 l (€14.53 / 1 l),€10.90
https://cdn.heinemann-shop.com/images/hc7/he0/9521042685982.jpg,Château Suduiraut,"Château Suduiraut, Sauternes, AOC, 1er Grand Cru Classé, sweet, white (wooden box) 0.75L",0.375 l (€127.73 / 1 l),€47.90
https://cdn.heinemann-shop.com/images/hdf/h6b/9409889009694.jpg,Inniskillin,"Inniskillin, Gold Vidal Icewine, Niagara, Icewine, sweet, white 0.375L",0.375 l (€186.40 / 1 l),€69.90
https://cdn.heinemann-shop.com/images/h8a/he7/9180729704478.jpg,Kim Crawford,"Kim Crawford, Sauvignon Blanc, dry, white (screw cap) 0.75L",0.75 l (€18.53 / 1 l),€13.90
https://cdn.heinemann-shop.com/images/h39/he9/9180402483230.jpg,Robert Mondavi,"Robert Mondavi, Woodbridge, Chardonnay, California, dry, white 0.75L",0.75 l (€13.20 / 1 l),€9.90
https://cdn.heinemann-shop.com/images/hfc/h37/9340348694558.jpg,Kim Crawford,"Kim Crawford Spitfire, Sauvigonon Blanc, Wine of Origin, dry, white 0.75L",0.75 l (€25.20 / 1 l),€18.90
https://cdn.heinemann-shop.com/images/h82/h03/9329029382174.jpg,Robert Mondavi,"Robert Mondavi, Private Selection, Chardonnay, California, dry, white 0.75L",0.75 l (€18.53 / 1 l),€13.90
https://cdn.heinemann-shop.com/images/h96/h47/9339753398302.jpg,Zenato,"Zenato, San Benedetto, Lugana, DOC, dry, white 0.75L",0.75 l (€15.87 / 1 l),€11.90
https://cdn.heinemann-shop.com/images/h1a/h95/9455044329502.jpg,Robert Mondavi,"Robert Mondavi, Napa Valley, Chardonnay, California, dry, white 0.75L",0.75 l (€33.20 / 1 l),€24.90
https://cdn.heinemann-shop.com/images/h81/h6c/9180558229534.jpg,Leitz,"Leitz, Dragonstone, Riesling, Rheingau, QbA, semi dry, white, 0,75L (screw cap)",0.75 l (€13.20 / 1 l),€9.90
https://cdn.heinemann-shop.com/images/h7e/h43/9180832432158.jpg,Marqués de Riscal,"Marqués de Riscal, Rueda, Rueda, DO, dry, white (screw cap), 0.75L",0.75 l (€8.40 / 1 l),€6.30
https://cdn.heinemann-shop.com/images/hf2/hb0/9177016041502.jpg,Bouchard Père & Fils,"Bouchard Père & Fils, Le Chardonnay de Chardonnay, AOC, Burgund, dry, white, 0.75L (gift box)",0.75 l (€21.20 / 1 l),€15.90
https://cdn.heinemann-shop.com/images/hf5/ha3/9393692540958.jpg,Laroche,"Laroche, Chablis Grand Cru, Les Blanchots, AOC, Burgundy, dry, white, 0.75L",0.75 l (€89.20 / 1 l),€66.90
https://cdn.heinemann-shop.com/images/h24/hee/9176960827422.jpg,Hugel,"Hugel, Riesling Classic, Alsace, AOC, dry, white 0.75L",0.75 l (€19.33 / 1 l),€14.50
https://cdn.heinemann-shop.com/images/hfe/h81/9180438724638.jpg,Anselmann,"Anselmann, Trockenbeerenauslese, Palatinate, sweet, white, 0.375L",0.375 l (€63.73 / 1 l),from €23.90
https://cdn.heinemann-shop.com/images/hc8/h79/9330557943838.jpg,Laroche,"Laroche, Les Chanoines, Chablis, AOC, dry, white (screw cap) 0.375L",0.375 l (€29.07 / 1 l),€10.90
https://cdn.heinemann-shop.com/images/h59/h59/9177095766046.jpg,Hardy's,"Hardy's, Varietal Range, Chardonnay, dry, white (Bag in Box) 3L",3 l (€5.97 / 1 l),€17.90
https://cdn.heinemann-shop.com/images/hdd/h7e/8934026313758.jpg,Tommasi,"Tommasi, Lugana, Le Fornaci, DOC, dry, white 0.75L",0.75 l (€17.20 / 1 l),€12.90
https://cdn.heinemann-shop.com/images/h91/h25/9180416802846.jpg,Hugel,"Hugel, Gentil Hugel, Alsace, AOC, dry, white",0.75 l (€13.20 / 1 l),€9.90
https://cdn.heinemann-shop.com/images/h7a/h06/9332411498526.jpg,Laroche,"Laroche, Chablis Premier Cru, La Chantrerie, AOC, Burgundy, dry, white, (screw cap), 0.75L",0.75 l (€31.33 / 1 l),€23.50
https://cdn.heinemann-shop.com/images/ha6/h9d/9180692971550.jpg,Mertes,"Turmfalke, Weißer Burgunder, QbA, Palatinate, dry, white (screw cap), 0.75L",0.75 l (€5.20 / 1 l),€3.90
https://cdn.heinemann-shop.com/images/hc5/h70/9180429680670.jpg,Caliterra,"Bürgerspital, Rieslaner, Auslese, Franken, semi-sweet, white (screw cap) 0.75L",0.75 l (€9.20 / 1 l),€6.90
https://cdn.heinemann-shop.com/images/hf1/hbb/9180829351966.jpg,Guy Saget,"Guy Saget, Pouilly Fumé, AOC, dry, white 0.75L",0.75 l (€23.87 / 1 l),€17.90
https://cdn.heinemann-shop.com/images/ha4/h65/9177144918046.jpg,E. & J. Gallo,"E. & J. Gallo, Gallo Family Vineyards, Sauvignon Blanc, California, dry, white 0.75L (screw cap)",0.75 l (€6.53 / 1 l),€4.90
https://cdn.heinemann-shop.com/images/h9c/ha1/9180410773534.jpg,Bach,"Bach, Viña Extrisima, Penedès, DO, semi-dry, white, 0.75L",0.75 l (€5.73 / 1 l),€4.30
https://cdn.heinemann-shop.com/images/h9d/hbd/9330496077854.jpg,Mouton Cadet,"Baron Philippe de Rothschild, Mouton Cadet, Bordeaux, AOC, dry, white, 0.75L",0.75 l (€13.20 / 1 l),€9.90
https://cdn.heinemann-shop.com/images/h28/h47/9180552200222.jpg,Domaines Barons de Rothschild,"Domaines Barons de Rothschild, Légende R, Bordeaux, AOC, dry, white, 0.75L",0.75 l (€13.20 / 1 l),€9.90
https://cdn.heinemann-shop.com/images/hd8/h30/9173081260062.jpg,J. Moreau & Fils,"J. Moreau & Fils, Chablis Premier Cru, Fourchaumes, AOC, Burgundy, dry, white, 0.75L",0.75 l (€35.87 / 1 l),€26.90
https://cdn.heinemann-shop.com/images/hce/hd6/9180551446558.jpg,Masi,"Masi, Masianco, Pinot Grigio / Verduzzo, Veneto, IGP, dry, white, 0.375L",0.375 l (€15.73 / 1 l),€5.90
https://cdn.heinemann-shop.com/images/h35/hd6/9180428927006.jpg,Schloss Johannisberg,"Schloss Johannisberg, Grünlack, Riesling, Spätlese, Rheingau, semi-sweet, white, 0.75L",0.75 l (€42.53 / 1 l),€31.90
https://cdn.heinemann-shop.com/images/h37/hd1/9330051481630.jpg,Louis Jadot,"Louis Jadot, Chalumaux, Puligny-Montrachet, Premier Cru, AOC, dry, white 0.75L",0.75 l (€106.53 / 1 l),from €79.90
https://cdn.heinemann-shop.com/images/hba/hfc/9331005095966.jpg,Laroche,"Laroche, Les Chanoines, Chablis, AOC, dry, white (screw cap) 0.75L",0.75 l (€23.33 / 1 l),€17.50
https://cdn.heinemann-shop.com/images/hf3/h14/9338533183518.jpg,Domäne Wachau,"Domäne Wachau, Achleiten, Riesling, Smaragd, Wachau, dry, white (screwcap)",0.75 l (€37.20 / 1 l),from €27.90
https://cdn.heinemann-shop.com/images/h09/hee/9200432676894.jpg,Laroche,"Laroche, Les Vaudevey, Chablis Premier Cru, AOC, dry, white 0.75L",0.75 l (€39.87 / 1 l),€29.90
https://cdn.heinemann-shop.com/images/h06/hf5/9180568911902.jpg,Bürgerspital,"Bürgerspital, Rieslaner, Auslese, Franken, semi-sweet, white (screw cap) 0.75L",0.75 l (€34.53 / 1 l),€25.90
https://cdn.heinemann-shop.com/images/h0a/h30/9180714991646.jpg,Blue Nun,"Blue Nun, Eiswein, Rheinhessen, sweet, white (gift box) 0.5L",0.5 l (€91.80 / 1 l),€45.90
https://cdn.heinemann-shop.com/images/hc1/hf2/9180505210910.jpg,Villa Maria,"Villa Maria, Private Bin, Organic, Sauvignon Blanc, Marlborough, dry, white (screw cap, organic) 0.75L",0.75 l (€17.20 / 1 l),€12.90
https://cdn.heinemann-shop.com/images/hc8/h56/9180708208670.jpg,Albert Bichot,"Albert Bichot, L'Orangerie, Chablis, AOC, dry, white 0.75L",0.75 l (€21.20 / 1 l),€15.90
https://cdn.heinemann-shop.com/images/h5d/hc9/9327638347806.jpg,Matua,Matua Lands & Legends Marlborough Sauvignon Blanc 2013 0.75L,0.75 l (€18.53 / 1 l),€13.90
https://cdn.heinemann-shop.com/images/h36/h50/9415522943006.jpg,Laroche,"Laroche, Chablis, St. Martin, AOC, dry, white, (screw cap), 0.75L",0.75 l (€26.53 / 1 l),€19.90
https://cdn.heinemann-shop.com/images/h30/h9b/9180664102942.jpg,Concha y Toro,"Concha y Toro, Frontera, Sauvignon Blanc, Valle Central, DO, dry, white (screw cap), 0.75L",0.75 l (€6.00 / 1 l),€4.50
https://cdn.heinemann-shop.com/images/hef/h01/9327765422110.jpg,Pascal Jolivet,"Pascal Jolivet, Sancerre, Les Caillottes, AOC, dry, white 0.75L",0.75 l (€29.20 / 1 l),€21.90
https://cdn.heinemann-shop.com/images/h64/hff/9338721107998.jpg,Albert Bichot,"Albert Bichot, Meursault, AOC, dry, white, 0.75L",0.75 l (€61.20 / 1 l),€45.90
https://cdn.heinemann-shop.com/images/hb3/hf7/9180568092702.jpg,Dr. L,"Dr. L, Riesling, Mosel, QbA, semi-sweet, white (screwcap), 0.75L",0.75 l (€10.00 / 1 l),€7.50
https://cdn.heinemann-shop.com/images/h73/hf0/9180560490526.jpg,Dr. Loosen,"Dr. Loosen, Ürziger Würzgarten Riesling Spätlese, sweet, white, 0.75L",0.75 l (€27.87 / 1 l),€20.90
https://cdn.heinemann-shop.com/images/h1d/h13/9176767889438.jpg,Dr. Loosen,"Dr. Loosen, Riesling Eiswein, sweet, white, (gift box), 0.187L",0.187 l (€213.37 / 1 l),€39.90
https://cdn.heinemann-shop.com/images/h0d/h26/9414543147038.jpg,Domäne Wachau,"Domäne Wachau, Grüner Veltliner Federspiel Himmelstiege, dry, white (screw-cap), 0.75L",0.75 l (€13.20 / 1 l),€9.90
https://cdn.heinemann-shop.com/images/h84/h7c/9390192132126.jpg,Bassermann-Jordan,"Bassermann-Jordan, Deidesheim Hohenmorgen, Riesling, Großes Gewächs, Pfalz, dry, white (Organic), 0.75L",0.75 l (€50.53 / 1 l),€37.90
https://cdn.heinemann-shop.com/images/hff/h52/9501665722398.jpg,Bassermann-Jordan,"Bassermann-Jordan, Riesling, Kabinett, Pfalz, semi-sweet, white, (srew cap), 0.75L",0.75 l (€18.53 / 1 l),€13.90
https://cdn.heinemann-shop.com/images/hb8/h88/9400768135198.jpg,Dr. Loosen,"Dr. Loosen, Riesling Kabinett Blue Slate, sweet, white, (screw-cap), 0.75L",0.75 l (€17.20 / 1 l),€12.90
https://cdn.heinemann-shop.com/images/h60/h3a/9331229982750.jpg,Errázuriz,"Errázuriz, Sauvignon Blanc, Aconcagua Costa, DO, dry, white (screw cap) 0.75L",0.75 l (€16.67 / 1 l),€12.50
https://cdn.heinemann-shop.com/images/he3/hca/9180577300510.jpg,Torres,"Torres, San Valentin, Catalonia, DO, semi-dry, white (Bag in Box) 1.5L",1.5 l (€8.87 / 1 l),€13.30
https://cdn.heinemann-shop.com/images/hba/hde/9390198521886.jpg,Bassermann-Jordan,"Bassermann-Jordan, Pinot Blanc, QbA, dry, white (screw cap), 0.75L",0.75 l (€12.67 / 1 l),€9.50
https://cdn.heinemann-shop.com/images/h29/h92/8931290480670.jpg,Tommasi,"Tommasi, Adorato, Appassionato Vino d'Italia, dry, white 0.75L",0.75 l (€14.53 / 1 l),€10.90
https://cdn.heinemann-shop.com/images/hc1/he8/9176698290206.jpg,William Fèvre,"William Fèvre, Chablis Premier Cru, Vaillons, AOC, dry, white, 0.75L",0.75 l (€42.53 / 1 l),€31.90
https://cdn.heinemann-shop.com/images/h17/h8a/9338512670750.jpg,Pfaffl,"Pfaffl, Wien 1, dry, white, 0.75L",0.75 l (€11.33 / 1 l),from €8.50
https://cdn.heinemann-shop.com/images/hbd/h53/9180592603166.jpg,Bellingham,"Bellingham, Bernard Series, Old Vine, Chenin Blanc, Wine of Origin ,Coastal Region, dry, white , 0.75L",0.75 l (€19.87 / 1 l),€14.90
https://cdn.heinemann-shop.com/images/he5/h09/9176572002334.jpg,3 Winzer,"3 Winzer, Riesling, QbA, Rheinhessen, dry, white (Bag in Box), 1.5L",1.5 l (€11.93 / 1 l),€17.90
https://cdn.heinemann-shop.com/images/h8a/h46/9240838209566.jpg,Wittmann,"Wittmann, Grauburgunder, Rheinhessen, QbA, dry, white (screwcap) 0.75L, Organic",0.75 l (€14.53 / 1 l),€10.90
https://cdn.heinemann-shop.com/images/h23/h58/9180659580958.jpg,Dr. Loosen,"Dr. Loosen, Red Slate, Riesling, Kabinett, Mosel, semi-sweet, white, 0.375L",0.375 l (€19.47 / 1 l),€7.30
https://cdn.heinemann-shop.com/images/h10/hb0/9390183383070.jpg,Bassermann-Jordan,"Bassermann-Jordan, Pionier, Sauvignon Blanc, QbA, Pfalz, dry, white, 0.75L",0.75 l (€17.20 / 1 l),€12.90
https://cdn.heinemann-shop.com/images/hf6/hdc/9514584145950.jpg,Schloss Vollrads,"Schloss Vollrads, Riesling, Mittelheimer Edelmann, Prädikatswein, dry, white screwcap)",0.75 l (€24.67 / 1 l),€18.50
https://cdn.heinemann-shop.com/images/h51/h4c/9176915968030.jpg,Wittmann,"Wittmann, Limestone Rocks, Riesling, Rheinhessen, QbA, dry, white (screwcap, organic)",0.75 l (€21.20 / 1 l),€15.90
https://cdn.heinemann-shop.com/images/h21/hc0/9180787867678.jpg,Matua,"Matua Valley, Sauvignon Blanc, Marlborough, dry, white, (bag in box), 1.5L",1.5 l (€13.27 / 1 l),€19.90
https://cdn.heinemann-shop.com/images/h37/h40/9180833185822.jpg,Torres,"Torres, Pazo das Bruxas, Albariño, Rias Baixas, DO, dry, white , 0.75L",0.75 l (€15.87 / 1 l),€11.90
https://cdn.heinemann-shop.com/images/he7/hc7/9423752691742.jpg,Pascal Jolivet,"Pascal Jolivet, Sancerre, AOC, dry, white 0.75L",0.75 l (€26.00 / 1 l),€19.50
https://cdn.heinemann-shop.com/images/h9b/h6e/9176941854750.jpg,Markus Molitor,"Markus Molitor, Riesling, QbA, Mosel, dry, white, 0.75L, Alte Reben Mosel Prestige",0.75 l (€27.87 / 1 l),€20.90
https://cdn.heinemann-shop.com/images/h12/h64/9501275160606.jpg,Markus Molitor,"Markus Molitor, Riesling, QbA, Mosel, dry, white, 0.75L",0.75 l (€15.87 / 1 l),€11.90
https://cdn.heinemann-shop.com/images/hf5/h72/9180578807838.jpg,Rotkäppchen,"Rotkäppchen, Müller-Thurgau, QbA, Rheinhessen, semi-dry, white (screw cap), 0.75L",0.75 l (€5.20 / 1 l),€3.90
https://cdn.heinemann-shop.com/images/hb4/h6e/9180587098142.jpg,Rupert & Rothschild,"Rupert & Rothschild, Baroness Nadine, Chardonnay, Western Cape, Wine of Origin, dry, white 0.75L",0.75 l (€34.53 / 1 l),€25.90
https://cdn.heinemann-shop.com/images/h47/h54/8931609968670.jpg,Lindemans,Lindemans BIN 65 Chardonnay 3L 2013 (Bag in Box),3 l (€6.50 / 1 l),€19.50
https://cdn.heinemann-shop.com/images/h78/h2b/9180656566302.jpg,Wolf Blass,Wolf Blass Priviate Release Chardonnay 2013 0.75L,0.75 l (€15.87 / 1 l),€11.90
https://cdn.heinemann-shop.com/images/h43/h7f/9180824829982.jpg,Leitz,"Leitz, Magic Mountain, Riesling, QbA, Rheingau, dry, white (screw cap) 0.75L",0.75 l (€19.33 / 1 l),€14.50
https://cdn.heinemann-shop.com/images/h7a/h23/9180569665566.jpg,Leitz,"Leitz, Eins Zwei Dry, Riesling, QbA, Rheingau, dry, white (screw cap) 0.75L",0.75 l (€13.20 / 1 l),€9.90
https://cdn.heinemann-shop.com/images/ha2/hfe/9462401499166.jpg,Brancott,"Brancott B Sauvignon Blanc, Marlborough, dry, white, 0.75L",0.75 l (€19.07 / 1 l),€14.30
https://cdn.heinemann-shop.com/images/he5/h1a/9177118474270.jpg,Villa Huesgen,"Villa Huesgen, Enkircher Steffensberg, Riesling, Kabinett, Mosel, semi-dry, white, 0.75L",0.75 l (€19.87 / 1 l),€14.90
https://cdn.heinemann-shop.com/images/h43/h2e/9356406489118.jpg,Laroche,"Laroche, Chardonnay L, Languedoc, IGP, dry, white (bag in box) 3L",3 l (€9.30 / 1 l),€27.90
https://cdn.heinemann-shop.com/images/hf2/h5b/9180853698590.jpg,Masi,"Masi, Masianco, Pinot Grigio/Verduzzo, Veneto, IGP, dry, white (bag in box) 3L",3 l (€9.97 / 1 l),€29.90
https://cdn.heinemann-shop.com/images/h0b/h75/9173058715678.jpg,Laroche,"Laroche, Chardonnay L, Languedoc, IGP, dry, white (pouch) 1.5L",1.5 l (€9.93 / 1 l),€14.90
https://cdn.heinemann-shop.com/images/h70/hb8/9180765421598.jpg,Kloster Eberbach,"Kloster Eberbach, OMA, Riesling, QbA, Rheingau, dry, white (screw cap), 0.75L",0.75 l (€13.20 / 1 l),€9.90
https://cdn.heinemann-shop.com/images/hfd/hb0/9469474275358.jpg,La Crema,"La Crema, Chardonnay, Sonoma Coast, dry, white 0.75L",0.75 l (€34.00 / 1 l),€25.50
https://cdn.heinemann-shop.com/images/h70/hdc/9402552057886.jpg,Kendall-Jackson,"Kendall-Jackson, Vintner's Reserve, Chardonnay, California, dry, white 0.75L",0.75 l (€23.87 / 1 l),€17.90
https://cdn.heinemann-shop.com/images/hf4/hfc/9180689170462.jpg,Attems,"Attems, Pinot Grigio, Friuli, IGT, dry, white",0.75 l (€15.87 / 1 l),€11.90
https://cdn.heinemann-shop.com/images/hae/h7f/9180666363934.jpg,Albert Bichot,"Albert Bichot, Meursault, Premier Cru, Les Charmes, AOC, dry, white 0.75L",0.75 l (€79.87 / 1 l),€59.90
https://cdn.heinemann-shop.com/images/h97/h01/9180683108382.jpg,Attems,"Attems, Cicinis, Sauvignon Blanc, Collio, DOC, dry, white",0.75 l (€32.67 / 1 l),€24.50
https://cdn.heinemann-shop.com/images/hd5/h6d/9358125957150.jpg,Poggio al Tesoro,"Poggio al Tesoro, Solosole, Bolgheri, DOC, dry, white",0.75 l (€21.20 / 1 l),€15.90
https://cdn.heinemann-shop.com/images/h67/h25/9176574263326.jpg,Wittmann,"Wittmann, Riesling, Rheinhessen, QbA, dry, white (screw cap) 0.75L Organic",0.75 l (€14.53 / 1 l),€10.90
https://cdn.heinemann-shop.com/images/h59/h13/9338330808350.jpg,Château de Santenay,"Château de Santenay, Mercurey, AOC, dry, white 0.75L",0.75 l (€27.87 / 1 l),€20.90
https://cdn.heinemann-shop.com/images/h07/h95/9493560360990.jpg,Domäne Wachau,"Domäne Wachau, Riesling, Federspiel, Steinriegl, dry, white (screw cap) 0.75L",0.75 l (€18.00 / 1 l),from €13.50
https://cdn.heinemann-shop.com/images/h02/h4a/9172912341022.jpg,Philippe Michel,"Michel Léon, Pinot Blanc Alsace, AOC, dry, white 0.75L",0.75 l (€12.67 / 1 l),€9.50
https://cdn.heinemann-shop.com/images/h8c/h63/9180548431902.jpg,Klein Constantia,"Klein Constantia, Metis, Sauvignon Blanc, Wine of Origin, Constantia, dry, white, 0.75L",0.75 l (€26.00 / 1 l),€19.50
https://cdn.heinemann-shop.com/images/ha9/h62/9180554461214.jpg,Klein Constantia,"Klein Constantia, Sauvignon Blanc, Wine of Origin, Constantia, dry, white 0.75L",0.75 l (€16.40 / 1 l),€12.30
https://cdn.heinemann-shop.com/images/he2/h39/9180718759966.jpg,Feudi di San Gregorio,"Feudi di San Gregorio, Greco di Tufo, DOCG, campania, dry, white, 0.75L",0.75 l (€15.87 / 1 l),€11.90
https://cdn.heinemann-shop.com/images/h6f/h71/9329747132446.jpg,Klein Constantia,"Klein Constantia, Vin de Constance Moscato, Wine of Origin, Constantia, sweet, white, 0.5L",0.5 l (€99.80 / 1 l),€49.90
https://cdn.heinemann-shop.com/images/h97/h50/9160383791134.jpg,Suomi,Suomi Bordeaux Blanc 0.75L,0.75 l (€20.40 / 1 l),€15.30
https://cdn.heinemann-shop.com/images/h8c/h53/9329078632478.jpg,Craggy Range,"Craggy Range, Sauvignon Blanc, Te Muna Road Vineyard, Martinborough, dry, white (screw cap) 0.75L",0.75 l (€27.33 / 1 l),€20.50
https://cdn.heinemann-shop.com/images/h26/h35/9180540141598.jpg,Cono Sur,"Cono Sur, Single Vineyard, Riesling, Bío-Bío Valley, dry, white 0.75L (screw cap)",0.75 l (€14.53 / 1 l),€10.90
https://cdn.heinemann-shop.com/images/hc7/he0/9521042685982.jpg,Château Suduiraut,"Château Suduiraut, Sauternes, AOC, 1er Grand Cru Classé, sweet, white (wooden box) 0.75L",0.375 l (€127.73 / 1 l),€47.90
https://cdn.heinemann-shop.com/images/hdf/h6b/9409889009694.jpg,Inniskillin,"Inniskillin, Gold Vidal Icewine, Niagara, Icewine, sweet, white 0.375L",0.375 l (€186.40 / 1 l),€69.90
https://cdn.heinemann-shop.com/images/h8a/he7/9180729704478.jpg,Kim Crawford,"Kim Crawford, Sauvignon Blanc, dry, white (screw cap) 0.75L",0.75 l (€18.53 / 1 l),€13.90
https://cdn.heinemann-shop.com/images/h39/he9/9180402483230.jpg,Robert Mondavi,"Robert Mondavi, Woodbridge, Chardonnay, California, dry, white 0.75L",0.75 l (€13.20 / 1 l),€9.90
https://cdn.heinemann-shop.com/images/hfc/h37/9340348694558.jpg,Kim Crawford,"Kim Crawford Spitfire, Sauvigonon Blanc, Wine of Origin, dry, white 0.75L",0.75 l (€25.20 / 1 l),€18.90
https://cdn.heinemann-shop.com/images/h82/h03/9329029382174.jpg,Robert Mondavi,"Robert Mondavi, Private Selection, Chardonnay, California, dry, white 0.75L",0.75 l (€18.53 / 1 l),€13.90
https://cdn.heinemann-shop.com/images/h96/h47/9339753398302.jpg,Zenato,"Zenato, San Benedetto, Lugana, DOC, dry, white 0.75L",0.75 l (€15.87 / 1 l),€11.90
https://cdn.heinemann-shop.com/images/h1a/h95/9455044329502.jpg,Robert Mondavi,"Robert Mondavi, Napa Valley, Chardonnay, California, dry, white 0.75L",0.75 l (€33.20 / 1 l),€24.90
https://cdn.heinemann-shop.com/images/h81/h6c/9180558229534.jpg,Leitz,"Leitz, Dragonstone, Riesling, Rheingau, QbA, semi dry, white, 0,75L (screw cap)",0.75 l (€13.20 / 1 l),€9.90
https://cdn.heinemann-shop.com/images/h7e/h43/9180832432158.jpg,Marqués de Riscal,"Marqués de Riscal, Rueda, Rueda, DO, dry, white (screw cap), 0.75L",0.75 l (€8.40 / 1 l),€6.30
https://cdn.heinemann-shop.com/images/hf2/hb0/9177016041502.jpg,Bouchard Père & Fils,"Bouchard Père & Fils, Le Chardonnay de Chardonnay, AOC, Burgund, dry, white, 0.75L (gift box)",0.75 l (€21.20 / 1 l),€15.90
https://cdn.heinemann-shop.com/images/hf5/ha3/9393692540958.jpg,Laroche,"Laroche, Chablis Grand Cru, Les Blanchots, AOC, Burgundy, dry, white, 0.75L",0.75 l (€89.20 / 1 l),€66.90
https://cdn.heinemann-shop.com/images/h24/hee/9176960827422.jpg,Hugel,"Hugel, Riesling Classic, Alsace, AOC, dry, white 0.75L",0.75 l (€19.33 / 1 l),€14.50
https://cdn.heinemann-shop.com/images/hfe/h81/9180438724638.jpg,Anselmann,"Anselmann, Trockenbeerenauslese, Palatinate, sweet, white, 0.375L",0.375 l (€63.73 / 1 l),from €23.90
https://cdn.heinemann-shop.com/images/hc8/h79/9330557943838.jpg,Laroche,"Laroche, Les Chanoines, Chablis, AOC, dry, white (screw cap) 0.375L",0.375 l (€29.07 / 1 l),€10.90
https://cdn.heinemann-shop.com/images/h59/h59/9177095766046.jpg,Hardy's,"Hardy's, Varietal Range, Chardonnay, dry, white (Bag in Box) 3L",3 l (€5.97 / 1 l),€17.90
https://cdn.heinemann-shop.com/images/hdd/h7e/8934026313758.jpg,Tommasi,"Tommasi, Lugana, Le Fornaci, DOC, dry, white 0.75L",0.75 l (€17.20 / 1 l),€12.90
https://cdn.heinemann-shop.com/images/h91/h25/9180416802846.jpg,Hugel,"Hugel, Gentil Hugel, Alsace, AOC, dry, white",0.75 l (€13.20 / 1 l),€9.90
https://cdn.heinemann-shop.com/images/h7a/h06/9332411498526.jpg,Laroche,"Laroche, Chablis Premier Cru, La Chantrerie, AOC, Burgundy, dry, white, (screw cap), 0.75L",0.75 l (€31.33 / 1 l),€23.50
https://cdn.heinemann-shop.com/images/ha6/h9d/9180692971550.jpg,Mertes,"Turmfalke, Weißer Burgunder, QbA, Palatinate, dry, white (screw cap), 0.75L",0.75 l (€5.20 / 1 l),€3.90
https://cdn.heinemann-shop.com/images/hc5/h70/9180429680670.jpg,Caliterra,"Bürgerspital, Rieslaner, Auslese, Franken, semi-sweet, white (screw cap) 0.75L",0.75 l (€9.20 / 1 l),€6.90
https://cdn.heinemann-shop.com/images/hf1/hbb/9180829351966.jpg,Guy Saget,"Guy Saget, Pouilly Fumé, AOC, dry, white 0.75L",0.75 l (€23.87 / 1 l),€17.90
https://cdn.heinemann-shop.com/images/ha4/h65/9177144918046.jpg,E. & J. Gallo,"E. & J. Gallo, Gallo Family Vineyards, Sauvignon Blanc, California, dry, white 0.75L (screw cap)",0.75 l (€6.53 / 1 l),€4.90
https://cdn.heinemann-shop.com/images/h9c/ha1/9180410773534.jpg,Bach,"Bach, Viña Extrisima, Penedès, DO, semi-dry, white, 0.75L",0.75 l (€5.73 / 1 l),€4.30
https://cdn.heinemann-shop.com/images/h9d/hbd/9330496077854.jpg,Mouton Cadet,"Baron Philippe de Rothschild, Mouton Cadet, Bordeaux, AOC, dry, white, 0.75L",0.75 l (€13.20 / 1 l),€9.90
https://cdn.heinemann-shop.com/images/h28/h47/9180552200222.jpg,Domaines Barons de Rothschild,"Domaines Barons de Rothschild, Légende R, Bordeaux, AOC, dry, white, 0.75L",0.75 l (€13.20 / 1 l),€9.90
https://cdn.heinemann-shop.com/images/hd8/h30/9173081260062.jpg,J. Moreau & Fils,"J. Moreau & Fils, Chablis Premier Cru, Fourchaumes, AOC, Burgundy, dry, white, 0.75L",0.75 l (€35.87 / 1 l),€26.90
https://cdn.heinemann-shop.com/images/hce/hd6/9180551446558.jpg,Masi,"Masi, Masianco, Pinot Grigio / Verduzzo, Veneto, IGP, dry, white, 0.375L",0.375 l (€15.73 / 1 l),€5.90
https://cdn.heinemann-shop.com/images/h35/hd6/9180428927006.jpg,Schloss Johannisberg,"Schloss Johannisberg, Grünlack, Riesling, Spätlese, Rheingau, semi-sweet, white, 0.75L",0.75 l (€42.53 / 1 l),€31.90
https://cdn.heinemann-shop.com/images/h37/hd1/9330051481630.jpg,Louis Jadot,"Louis Jadot, Chalumaux, Puligny-Montrachet, Premier Cru, AOC, dry, white 0.75L",0.75 l (€106.53 / 1 l),from €79.90
https://cdn.heinemann-shop.com/images/hba/hfc/9331005095966.jpg,Laroche,"Laroche, Les Chanoines, Chablis, AOC, dry, white (screw cap) 0.75L",0.75 l (€23.33 / 1 l),€17.50
https://cdn.heinemann-shop.com/images/hf3/h14/9338533183518.jpg,Domäne Wachau,"Domäne Wachau, Achleiten, Riesling, Smaragd, Wachau, dry, white (screwcap)",0.75 l (€37.20 / 1 l),from €27.90
https://cdn.heinemann-shop.com/images/hf1/h5b/9330670764062.jpg,Henkell,"Henkell Trocken, dry, white, 5x0.2L",1 l (€8.90 / 1 l),€8.90
https://cdn.heinemann-shop.com/images/hff/h9a/9331231588382.jpg,Henkell,"Henkell Rosé, dry, rosé, 0.75L",0.75 l (€7.87 / 1 l),€5.90
https://cdn.heinemann-shop.com/images/h3d/h6a/9462433284126.jpg,Jacob's Creek,Jacob's Creek Sparkling Chardonnay Pinot Noir 0.75L,0.75 l (€16.40 / 1 l),€12.30
https://cdn.heinemann-shop.com/images/hac/haa/9380864032798.jpg,Cinzano,Cinzano Prosseco 0.75L,0.75 l (€12.40 / 1 l),€9.30
https://cdn.heinemann-shop.com/images/hd3/hf3/9180435709982.jpg,Henkell,"Henkell Brut Vintage, dry, white, 0.75L",0.75 l (€9.20 / 1 l),€6.90
https://cdn.heinemann-shop.com/images/h9a/h81/9168957014046.jpg,Cinzano,Cinzano Rosé Sweet 0.75L,0.75 l (€12.93 / 1 l),€9.70
https://cdn.heinemann-shop.com/images/hb3/h0c/9180465922078.jpg,Pongrácz,"Pongrácz, Méthode Cap Classique, brut, white, 0.75L",0.75 l (€15.60 / 1 l),€11.70
https://cdn.heinemann-shop.com/images/h6a/hb5/9331145015326.jpg,Freixenet,"Freixenet, Elyssia Gran Cuvée, brut, white, 0.75L",0.75 l (€17.20 / 1 l),€12.90
https://cdn.heinemann-shop.com/images/hde/h8f/9399769202718.jpg,Ruggeri,"Ruggeri, Giall'Oro, Valdobbiadene Prosecco Spumante, extra dry, white, 0.75L",0.75 l (€16.67 / 1 l),€12.50
https://cdn.heinemann-shop.com/images/ha9/haf/9180837707806.jpg,Albert Bichot,"Albert Bichot, Crémant de Bourgogne, AOC, brut, white 0.75L",0.75 l (€18.53 / 1 l),€13.90
https://cdn.heinemann-shop.com/images/hfe/h72/9425518329886.jpg,Bottega,"Bottega, White Gold, brut, white, 0.75L",0.75 l (€26.00 / 1 l),€19.50
https://cdn.heinemann-shop.com/images/hed/h34/9180652797982.jpg,Cantine Ferrari,"Cantine Ferrari, Trento, DOC, brut, white, (gift box), 0.75L",0.75 l (€23.33 / 1 l),€17.50
https://cdn.heinemann-shop.com/images/h6f/hab/9180623732766.jpg,Segura Viudas,"Segura Viudas, Reserva Heredad, Penedès, DO, brut, white (gift box) 0.75L",0.75 l (€30.53 / 1 l),€22.90
https://cdn.heinemann-shop.com/images/h52/h3a/9180447768606.jpg,Freixenet,"Freixenet, Elyssia Pinot Noir, brut, rosé",0.75 l (€17.20 / 1 l),€12.90
https://cdn.heinemann-shop.com/images/h91/h0b/9437054926878.jpg,Mionetto,"Mionetto, Prosecco Spumante, Valdobbiadene Superiore, DOCG, extra dry, white, 0.75L",0.75 l (€17.20 / 1 l),€12.90
https://cdn.heinemann-shop.com/images/h12/hab/9180823912478.jpg,Geldermann,"Geldermann, Vintage Sparkling Wine 2013, brut, white (giftpack) 0.75L",0.75 l (€18.53 / 1 l),€13.90
https://cdn.heinemann-shop.com/images/hb1/h49/9180664856606.jpg,Barton & Guestier,"Barton & Guestier, NectaRose, Sparkling, rose, semi- sweet, 0.75L",0.75 l (€15.87 / 1 l),€11.90
https://cdn.heinemann-shop.com/images/h60/hb8/9476414603294.jpg,Da Luca,"Da Luca, Prosecco, Spumante, DOC, extra dry, white ,0.75L",0.75 l (€14.53 / 1 l),€10.90
https://cdn.heinemann-shop.com/images/h61/h4d/9390184366110.jpg,Bottega,"Bottega, Prosecco, Vino Biologico, Spumante, DOC, extra-dry, white (organic) 0.75L",0.75 l (€18.53 / 1 l),€13.90
https://cdn.heinemann-shop.com/images/h97/hd0/9180508979230.jpg,Ruffino,Ruffino Prosecco 0.75L,0.75 l (€17.20 / 1 l),€12.90
https://cdn.heinemann-shop.com/images/h02/he3/9180593520670.jpg,Pongrácz,"Pongrácz, Méthode Cap Classique, Rosé, 0.75L",0.75 l (€17.20 / 1 l),€12.90
https://cdn.heinemann-shop.com/images/he9/he6/9422359298078.jpg,Bouvet-Ladubay,Bouvet Trésor Rosé 0.75 L,0.75 l (€21.73 / 1 l),€16.30
https://cdn.heinemann-shop.com/images/hb1/h8b/9180737732638.jpg,Bouvet-Ladubay,Bouvet Trésor 0.75 L,0.75 l (€21.73 / 1 l),€16.30
https://cdn.heinemann-shop.com/images/h29/hb0/9173034041374.jpg,Louis Bouillot,"Louis Bouillot, Perle de Vigne, Crémant de Bourgogne, AOC, brut, white 0.75L",0.75 l (€17.20 / 1 l),€12.90
https://cdn.heinemann-shop.com/images/hbe/h54/9330148507678.jpg,Tommasi,"Tommasi, Caseo, Pinot Nero, Spumante, brut, rosé",0.75 l (€15.87 / 1 l),€11.90
https://cdn.heinemann-shop.com/images/h48/h2c/9310973001758.jpg,Rotkäppchen,"Rotkäppchen, Riesling Sec, dry, white (gift box)",0.75 l (€13.20 / 1 l),€9.90
https://cdn.heinemann-shop.com/images/hac/hb0/9180846161950.jpg,Codorníu,"Codorníu, Anna de Codorníu, brut, white, 0.75L",0.75 l (€14.53 / 1 l),€10.90
https://cdn.heinemann-shop.com/images/ha3/hfa/9180456124446.jpg,Kupferberg,"Kupferberg Gold, dry, white 0.75L",0.75 l (€6.53 / 1 l),€4.90
https://cdn.heinemann-shop.com/images/h13/h59/9380998447134.jpg,Henkell,"Henkell Trocken, dry, white, 0.75L",0.75 l (€7.07 / 1 l),€5.30
https://cdn.heinemann-shop.com/images/h2a/h02/9390180958238.jpg,Bottega,"Bottega, Petalo, Vino dell'Amore, sweet, white, 0.75L",0.75 l (€13.20 / 1 l),from €9.90
https://cdn.heinemann-shop.com/images/hd6/h3a/9381038555166.jpg,Henkell,"Henkell Trocken, dry, white 3x0.2L",0.6 l (€9.83 / 1 l),€5.90
https://cdn.heinemann-shop.com/images/had/hf1/9462418538526.jpg,Martini,Martini Asti Spumante 7.5% 1.5L,1.5 l (€19.93 / 1 l),€29.90
https://cdn.heinemann-shop.com/images/h7a/h27/9462405693470.jpg,Jacob's Creek,Jacob's Creek Sparkling Rosé 0.75L,0.75 l (€16.40 / 1 l),€12.30
https://cdn.heinemann-shop.com/images/hc8/h5e/9180669378590.jpg,Schlumberger,Schlumberger Gold dry 0.75L,0.75 l (€17.20 / 1 l),from €12.90
https://cdn.heinemann-shop.com/images/h6f/h25/9462446620702.jpg,Martini,"Martini, Prosecco Spumante 11.5%, DOC, extra-dry, white 0.75L",0.75 l (€18.00 / 1 l),€13.50
https://cdn.heinemann-shop.com/images/hf6/hf5/9390188331038.jpg,Bottega,"Bottega Diamond, white 0.75L",0.75 l (€29.20 / 1 l),€21.90
https://cdn.heinemann-shop.com/images/h6c/h63/9180493905950.jpg,Codorníu,"Codorníu, Cuvée Barcelona, brut, white, 0.75L",0.75 l (€13.20 / 1 l),€9.90
https://cdn.heinemann-shop.com/images/hab/h47/9180830924830.jpg,Masi,"Masi, Moxxé, Spumante, Brut, white, 0.75L",0.75 l (€13.20 / 1 l),€9.90
https://cdn.heinemann-shop.com/images/he6/h59/9180648964126.jpg,Freixenet,"Freixenet, Prosecco, Conegliano Valdobbiadene Prosecco Superiore, DOCG, Extra Dry, white, 0,75L",0.75 l (€19.87 / 1 l),€14.90
https://cdn.heinemann-shop.com/images/h6c/hcc/9154476638238.jpg,La Gioiosa,"La Gioiosa, Vino Bianco, Frizzante (screw cap) 0.2L",0.2 l (€9.50 / 1 l),€1.90
https://cdn.heinemann-shop.com/images/h44/hc2/9180653551646.jpg,Concha y Toro,"Concha y Toro, Casillero del Diablo, Devil's Brut, Limarí Valley, brut, white 0.75L",0.75 l (€14.00 / 1 l),€10.50
https://cdn.heinemann-shop.com/images/hca/h00/9180760899614.jpg,Mionetto,"Mionetto, Avantgarde Collection, Prosecco, DOC, extra dry, white 0.75L",0.75 l (€13.20 / 1 l),€9.90
https://cdn.heinemann-shop.com/images/heb/h8d/9180490891294.jpg,Canevel,"Canevel, Black Label, Valdobbiadene Prosecco Superiore, DOCG, brut, white 0.75L",0.75 l (€18.53 / 1 l),€13.90
https://cdn.heinemann-shop.com/images/hf9/h46/9180654305310.jpg,La Gioiosa,La Gioiosa Spritzzoso 0.75L,0.75 l (€10.53 / 1 l),€7.90
https://cdn.heinemann-shop.com/images/hfa/h60/9321390931998.jpg,Faustino,"Faustino, Cava Reserva, DO, brut, white 0.75L",0.75 l (€11.87 / 1 l),€8.90
https://cdn.heinemann-shop.com/images/hd1/h68/9380969119774.jpg,Blue Nun,"Blue Nun, Gold Edition Rosé,dry, rosé 0.75L",0.75 l (€10.00 / 1 l),€7.50
https://cdn.heinemann-shop.com/images/hdd/h5a/9429290680350.jpg,Masi,"Masi, Moxxé, Pinot Grigio Ramato, Spumante, brut, rosé 0.75L",0.75 l (€13.20 / 1 l),€9.90
https://cdn.heinemann-shop.com/images/ha3/hfc/9180740747294.jpg,Segura Viudas,"Segura Viudas, Reserva, Penedès, DO, brut, white 0.75L",0.75 l (€12.67 / 1 l),€9.50
https://cdn.heinemann-shop.com/images/had/hb3/9180674785310.jpg,Inniskillin,"Inniskillin, Sparkling Ice Wine, Niagara, Ice Wine, sweet, white (gift box)",0.375 l (€213.07 / 1 l),€79.90
https://cdn.heinemann-shop.com/images/h0b/h8e/9329626021918.jpg,Henkell,"Henkell, Cuvée Unique, Blanc de Blancs, brut, white 0.75L",0.75 l (€18.53 / 1 l),from €13.90
https://cdn.heinemann-shop.com/images/he4/h79/9173010579486.jpg,Louis Bouillot,"Louis Bouillot, Perle de Vigne, Crémant de Bourgogne, AOC, brut, white 1.5L",1.5 l (€19.93 / 1 l),€29.90
https://cdn.heinemann-shop.com/images/h54/hc4/9384170225694.jpg,Ruggeri,"Ruggeri, Giustino B., Valdobbiadene Prosecco Spumante, brut, white, Giftbox 0.75L",0.75 l (€24.67 / 1 l),€18.50
https://cdn.heinemann-shop.com/images/h89/ha8/9180482600990.jpg,Langlois-Chateau,"Langlois-Chateau, L’Extra par Langlois, Cremant de Loire, brut, white 0.75L",0.75 l (€15.33 / 1 l),€11.50
https://cdn.heinemann-shop.com/images/h74/h9d/9180491644958.jpg,Langlois-Chateau,"Langlois-Chateau, L’Extra par Langlois, Cremant de Loire, brut, rosé 0.75L",0.75 l (€15.33 / 1 l),€11.50
https://cdn.heinemann-shop.com/images/h52/h23/9330664669214.jpg,Marchesi di Barolo,"Marchesi di Barolo, Asti Spumante, Moscato, Piemont, DOCG, sweet, white 0.75L",0.75 l (€19.87 / 1 l),€14.90
https://cdn.heinemann-shop.com/images/h0e/hc2/9172896448542.jpg,Tissot-Maire,"Tissot-Maire, Brut Lapiaz, Crémant du Jura, AOC, brut, white 0.75L",0.75 l (€17.20 / 1 l),€12.90
https://cdn.heinemann-shop.com/images/h9c/h6c/9180698312734.jpg,Freixenet,"Freixenet, Reserva, Cava, brut nature, white 0.375L",0.375 l (€19.47 / 1 l),€7.30
https://cdn.heinemann-shop.com/images/hd7/h25/9390177615902.jpg,André Delorme,"André Delorme, Crémant de Bourgogne, AOC, brut, rosé 0.75L",0.75 l (€17.20 / 1 l),€12.90
https://cdn.heinemann-shop.com/images/hbb/h59/9390176895006.jpg,André Delorme,"André Delorme, Crémant de Bourgogne, AOC, brut, white 0.75L",0.75 l (€17.20 / 1 l),€12.90
https://cdn.heinemann-shop.com/images/h12/h87/9102662696990.jpg,Krone,"Krone, Borealis, Méthode Cap Classique, brut, white 0.75L",0.75 l (€14.53 / 1 l),€10.90
https://cdn.heinemann-shop.com/images/h8e/h67/9338495434782.jpg,Bailoni Likoer,Bailoni Gold Marillen-Frizzante 6% 0.75L,0.75 l (€10.00 / 1 l),from €7.50
https://cdn.heinemann-shop.com/images/h48/he9/9180854452254.jpg,Lindemans,"Lindemans, BIN 30, Sparkling, extra dry, rosé 0.75L",0.75 l (€11.87 / 1 l),€8.90
https://cdn.heinemann-shop.com/images/h94/h9e/9462876176414.jpg,Martini,Martini Sparkling Rosé 11.5% 0.75L,0.75 l (€17.20 / 1 l),€12.90
https://cdn.heinemann-shop.com/images/hc6/hdf/9180862119966.jpg,Lindemans,"Lindemans, BIN 25, Sparkling, extra dry, white 0.75L",0.75 l (€10.00 / 1 l),€7.50
https://cdn.heinemann-shop.com/images/hc7/hc0/9180781019166.jpg,Duc de Cherence,"Duc de Cherence, Sparkling Wine , sweet, white 0.75L",0.75 l (€4.67 / 1 l),€3.50
https://cdn.heinemann-shop.com/images/h07/h5f/9180423585822.jpg,Villa Sandi,"Villa Sandi, Millesimato, Prosecco Valdobbiadene Superiore, DOCG, brut, white, 0.75L",0.75 l (€17.20 / 1 l),€12.90
https://cdn.heinemann-shop.com/images/h26/h87/9180784033822.jpg,Duc de Cherence,"Duc de Cherence, Sparkling Wine, sweet, white 1.5L",1.5 l (€5.67 / 1 l),€8.50
https://cdn.heinemann-shop.com/images/h4e/h48/9390177386526.jpg,Bottega,"Bottega, Gold, Prosecco Spumante, DOC, brut, white, 1.5L",1.5 l (€25.93 / 1 l),€38.90
https://cdn.heinemann-shop.com/images/h0c/hf4/9390193344542.jpg,Bottega,"Bottega, Rosé Gold, brut, rosé, 0.75L",0.75 l (€26.00 / 1 l),from €19.50
https://cdn.heinemann-shop.com/images/h57/h9d/9390196162590.jpg,Bottega,"Bottega, Gold, Prosecco Spumante, DOC, brut, white, 0.75L",0.75 l (€26.00 / 1 l),from €19.50
https://cdn.heinemann-shop.com/images/h83/h97/9173040988190.jpg,Louis Bouillot,"Louis Bouillot, Perle d‘Aurore, Crémant de Bourgogne, AOC, brut, rosé 0.75L",0.75 l (€19.87 / 1 l),€14.90
https://cdn.heinemann-shop.com/images/hc6/hb2/9180384264222.jpg,Albert Bichot,"Albert Bichot, Crémant de Bourgogne, AOC, brut, rosé 0.75L",0.75 l (€21.20 / 1 l),€15.90
https://cdn.heinemann-shop.com/images/h51/h7f/9180638904350.jpg,Freixenet,"Freixenet, Cordón Rosado, brut, rosé, 0.75L",0.75 l (€10.53 / 1 l),€7.90
https://cdn.heinemann-shop.com/images/h67/h14/9462877618206.jpg,Martini,"Martini, Asti Spumante 7.5%, DOCG, semi-sweet, white 0.75L",0.75 l (€15.33 / 1 l),from €11.50
https://cdn.heinemann-shop.com/images/h3d/h1c/9422353498142.jpg,Villa Sandi,"Villa Sandi, Il Fresco, Prosecco Spumante, DOC, extra dry, white, 0.75 L",0.75 l (€15.87 / 1 l),€11.90
https://cdn.heinemann-shop.com/images/h2e/hf1/9390194491422.jpg,Bottega,"Bottega, Prosecco Spumante, DOC, brut, white 0.75L",0.75 l (€13.20 / 1 l),€9.90
https://cdn.heinemann-shop.com/images/hde/h2a/9168940826654.jpg,Cinzano,Cinzano Asti 0.75L,0.75 l (€11.60 / 1 l),€8.70
https://cdn.heinemann-shop.com/images/hd9/hbf/9344580223006.jpg,Krimsekt,"Krim Sparkling Wine, dry, white 0.75L",0.75 l (€10.53 / 1 l),€7.90
https://cdn.heinemann-shop.com/images/h09/he1/9344658964510.jpg,Krimsekt,"Krim Sparkling Wine , white, semi-dry 0.75L",0.75 l (€10.53 / 1 l),€7.90
https://cdn.heinemann-shop.com/images/h68/h22/9393703485470.jpg,Schlumberger,Schlumberger Rosé Vintage Season 2010 0.2L,0.2 l (€22.50 / 1 l),from €4.50
https://cdn.heinemann-shop.com/images/hce/hf4/9381059428382.jpg,Villa Sandi,"Villa Sandi, Prosecco Frizzante di Valdobbiadene, DOC, dry, white, 0.75 L",0.75 l (€13.20 / 1 l),€9.90
https://cdn.heinemann-shop.com/images/hac/h15/9296846422046.jpg,Villa Sandi,"Villa Sandi, Il Fresco, Spumante, brut, rosé, 0.75 L",0.75 l (€13.20 / 1 l),€9.90
https://cdn.heinemann-shop.com/images/h69/h7d/9338982400030.jpg,Josello,"Josello, Frizzante Secco , Veneto, IGP, dry, white (blue bottle)",0.2 l (€13.50 / 1 l),from €2.70
https://cdn.heinemann-shop.com/images/hf4/h1b/9390181711902.jpg,JUST BE,"beHugo, flavoured wine cocktail in aluminium bottle 0.2L",0.2 l (€21.50 / 1 l),from €4.30
https://cdn.heinemann-shop.com/images/h78/h35/9154564161566.jpg,Cantine Ferrari,"Cantine Ferrari, Perlé, Trento, DOC, brut, white, (gift box), 0.75L",0.75 l (€37.20 / 1 l),€27.90
https://cdn.heinemann-shop.com/images/h03/h95/9180412280862.jpg,Freixenet,"Freixenet, Grand Cuvee, brut, white & Pinot Noir Rosé, dry, rosé (Twin pack), 2x0.75L",1.5 l (€15.27 / 1 l),€22.90
https://cdn.heinemann-shop.com/images/h8d/ha4/9390177845278.jpg,Bottega,"Bottega, Rosé Gold, brut, rosé, 0.2L",0.2 l (€26.50 / 1 l),from €5.30
https://cdn.heinemann-shop.com/images/hdd/h8d/9180852944926.jpg,Rotkäppchen,"Rotkäppchen, Fruchtsecco, elderflower, fruity-fresh, 0.75L",0.75 l (€5.20 / 1 l),€3.90
https://cdn.heinemann-shop.com/images/h05/hf1/9462355132446.jpg,Martini,Martini Prosecco 0.2L,0.2 l (€26.50 / 1 l),from €5.30
https://cdn.heinemann-shop.com/images/h9d/h8c/9462353985566.jpg,Martini,Martini Asti 0.2L,0.2 l (€26.50 / 1 l),from €5.30
https://cdn.heinemann-shop.com/images/hb0/h5a/9401647300638.jpg,Veuve du Vernay,"Veuve du Vernay, Sparkling Wine, brut, white 0.75L",0.75 l (€6.53 / 1 l),€4.90
https://cdn.heinemann-shop.com/images/hdd/hd8/9338308952094.jpg,Schlumberger,Schlumberger Brut Magnum 1.5L,1.5 l (€19.27 / 1 l),from €28.90
https://cdn.heinemann-shop.com/images/hd3/h55/9180445507614.jpg,Schlumberger,Schlumberger Brut Jahrgangssekt 0.2L,0.2 l (€22.50 / 1 l),from €4.50
https://cdn.heinemann-shop.com/images/h69/h44/9180768469022.jpg,Schlumberger,Schlumberger White Secco 0.75L,0.75 l (€17.20 / 1 l),€12.90
https://cdn.heinemann-shop.com/images/h6e/h50/9180650536990.jpg,Schlumberger,"Schlumberger, Vintage, Brut, white (gift box), 0,75L",0.75 l (€17.20 / 1 l),from €12.90
https://cdn.heinemann-shop.com/images/hdc/hf1/9390179287070.jpg,Bottega,"Bottega, Gold, Prosecco Spumante, DOC, brut, white, 0.2L",0.2 l (€26.50 / 1 l),from €5.30
https://cdn.heinemann-shop.com/images/ha3/hfa/9180456124446.jpg,Kupferberg,"Kupferberg Gold, dry, white 0.75L",0.75 l (€6.53 / 1 l),€4.90
https://cdn.heinemann-shop.com/images/h13/h59/9380998447134.jpg,Henkell,"Henkell Trocken, dry, white, 0.75L",0.75 l (€7.07 / 1 l),€5.30
https://cdn.heinemann-shop.com/images/hb3/h0c/9180465922078.jpg,Pongrácz,"Pongrácz, Méthode Cap Classique, brut, white, 0.75L",0.75 l (€15.60 / 1 l),€11.70
https://cdn.heinemann-shop.com/images/h6a/hb5/9331145015326.jpg,Freixenet,"Freixenet, Elyssia Gran Cuvée, brut, white, 0.75L",0.75 l (€17.20 / 1 l),€12.90
https://cdn.heinemann-shop.com/images/hde/h8f/9399769202718.jpg,Ruggeri,"Ruggeri, Giall'Oro, Valdobbiadene Prosecco Spumante, extra dry, white, 0.75L",0.75 l (€16.67 / 1 l),€12.50
https://cdn.heinemann-shop.com/images/ha9/haf/9180837707806.jpg,Albert Bichot,"Albert Bichot, Crémant de Bourgogne, AOC, brut, white 0.75L",0.75 l (€18.53 / 1 l),€13.90
https://cdn.heinemann-shop.com/images/hfe/h72/9425518329886.jpg,Bottega,"Bottega, White Gold, brut, white, 0.75L",0.75 l (€26.00 / 1 l),€19.50
https://cdn.heinemann-shop.com/images/hed/h34/9180652797982.jpg,Cantine Ferrari,"Cantine Ferrari, Trento, DOC, brut, white, (gift box), 0.75L",0.75 l (€23.33 / 1 l),€17.50
https://cdn.heinemann-shop.com/images/h6f/hab/9180623732766.jpg,Segura Viudas,"Segura Viudas, Reserva Heredad, Penedès, DO, brut, white (gift box) 0.75L",0.75 l (€30.53 / 1 l),€22.90
https://cdn.heinemann-shop.com/images/h52/h3a/9180447768606.jpg,Freixenet,"Freixenet, Elyssia Pinot Noir, brut, rosé",0.75 l (€17.20 / 1 l),€12.90
https://cdn.heinemann-shop.com/images/h91/h0b/9437054926878.jpg,Mionetto,"Mionetto, Prosecco Spumante, Valdobbiadene Superiore, DOCG, extra dry, white, 0.75L",0.75 l (€17.20 / 1 l),€12.90
https://cdn.heinemann-shop.com/images/h12/hab/9180823912478.jpg,Geldermann,"Geldermann, Vintage Sparkling Wine 2013, brut, white (giftpack) 0.75L",0.75 l (€18.53 / 1 l),€13.90
https://cdn.heinemann-shop.com/images/hb1/h49/9180664856606.jpg,Barton & Guestier,"Barton & Guestier, NectaRose, Sparkling, rose, semi- sweet, 0.75L",0.75 l (€15.87 / 1 l),€11.90
https://cdn.heinemann-shop.com/images/h6c/h63/9180493905950.jpg,Codorníu,"Codorníu, Cuvée Barcelona, brut, white, 0.75L",0.75 l (€13.20 / 1 l),€9.90
https://cdn.heinemann-shop.com/images/hab/h47/9180830924830.jpg,Masi,"Masi, Moxxé, Spumante, Brut, white, 0.75L",0.75 l (€13.20 / 1 l),€9.90
https://cdn.heinemann-shop.com/images/h60/hb8/9476414603294.jpg,Da Luca,"Da Luca, Prosecco, Spumante, DOC, extra dry, white ,0.75L",0.75 l (€14.53 / 1 l),€10.90
https://cdn.heinemann-shop.com/images/h61/h4d/9390184366110.jpg,Bottega,"Bottega, Prosecco, Vino Biologico, Spumante, DOC, extra-dry, white (organic) 0.75L",0.75 l (€18.53 / 1 l),€13.90
https://cdn.heinemann-shop.com/images/h97/hd0/9180508979230.jpg,Ruffino,Ruffino Prosecco 0.75L,0.75 l (€17.20 / 1 l),€12.90
https://cdn.heinemann-shop.com/images/h02/he3/9180593520670.jpg,Pongrácz,"Pongrácz, Méthode Cap Classique, Rosé, 0.75L",0.75 l (€17.20 / 1 l),€12.90
https://cdn.heinemann-shop.com/images/he9/he6/9422359298078.jpg,Bouvet-Ladubay,Bouvet Trésor Rosé 0.75 L,0.75 l (€21.73 / 1 l),€16.30
https://cdn.heinemann-shop.com/images/hb1/h8b/9180737732638.jpg,Bouvet-Ladubay,Bouvet Trésor 0.75 L,0.75 l (€21.73 / 1 l),€16.30
https://cdn.heinemann-shop.com/images/h29/hb0/9173034041374.jpg,Louis Bouillot,"Louis Bouillot, Perle de Vigne, Crémant de Bourgogne, AOC, brut, white 0.75L",0.75 l (€17.20 / 1 l),€12.90
https://cdn.heinemann-shop.com/images/hbe/h54/9330148507678.jpg,Tommasi,"Tommasi, Caseo, Pinot Nero, Spumante, brut, rosé",0.75 l (€15.87 / 1 l),€11.90
https://cdn.heinemann-shop.com/images/h48/h2c/9310973001758.jpg,Rotkäppchen,"Rotkäppchen, Riesling Sec, dry, white (gift box)",0.75 l (€13.20 / 1 l),€9.90
https://cdn.heinemann-shop.com/images/he6/h59/9180648964126.jpg,Freixenet,"Freixenet, Prosecco, Conegliano Valdobbiadene Prosecco Superiore, DOCG, Extra Dry, white, 0,75L",0.75 l (€19.87 / 1 l),€14.90
https://cdn.heinemann-shop.com/images/hf1/h5b/9330670764062.jpg,Henkell,"Henkell Trocken, dry, white, 5x0.2L",1 l (€8.90 / 1 l),€8.90
https://cdn.heinemann-shop.com/images/hff/h9a/9331231588382.jpg,Henkell,"Henkell Rosé, dry, rosé, 0.75L",0.75 l (€7.87 / 1 l),€5.90
https://cdn.heinemann-shop.com/images/h3d/h6a/9462433284126.jpg,Jacob's Creek,Jacob's Creek Sparkling Chardonnay Pinot Noir 0.75L,0.75 l (€16.40 / 1 l),€12.30
https://cdn.heinemann-shop.com/images/hac/haa/9380864032798.jpg,Cinzano,Cinzano Prosseco 0.75L,0.75 l (€12.40 / 1 l),€9.30
https://cdn.heinemann-shop.com/images/hd3/hf3/9180435709982.jpg,Henkell,"Henkell Brut Vintage, dry, white, 0.75L",0.75 l (€9.20 / 1 l),€6.90
https://cdn.heinemann-shop.com/images/h9a/h81/9168957014046.jpg,Cinzano,Cinzano Rosé Sweet 0.75L,0.75 l (€12.93 / 1 l),€9.70
https://cdn.heinemann-shop.com/images/h2a/h02/9390180958238.jpg,Bottega,"Bottega, Petalo, Vino dell'Amore, sweet, white, 0.75L",0.75 l (€13.20 / 1 l),from €9.90
https://cdn.heinemann-shop.com/images/hd6/h3a/9381038555166.jpg,Henkell,"Henkell Trocken, dry, white 3x0.2L",0.6 l (€9.83 / 1 l),€5.90
https://cdn.heinemann-shop.com/images/had/hf1/9462418538526.jpg,Martini,Martini Asti Spumante 7.5% 1.5L,1.5 l (€19.93 / 1 l),€29.90
https://cdn.heinemann-shop.com/images/h7a/h27/9462405693470.jpg,Jacob's Creek,Jacob's Creek Sparkling Rosé 0.75L,0.75 l (€16.40 / 1 l),€12.30
https://cdn.heinemann-shop.com/images/hc8/h5e/9180669378590.jpg,Schlumberger,Schlumberger Gold dry 0.75L,0.75 l (€17.20 / 1 l),from €12.90
https://cdn.heinemann-shop.com/images/h6f/h25/9462446620702.jpg,Martini,"Martini, Prosecco Spumante 11.5%, DOC, extra-dry, white 0.75L",0.75 l (€18.00 / 1 l),€13.50
https://cdn.heinemann-shop.com/images/hf6/hf5/9390188331038.jpg,Bottega,"Bottega Diamond, white 0.75L",0.75 l (€29.20 / 1 l),€21.90
https://cdn.heinemann-shop.com/images/hac/hb0/9180846161950.jpg,Codorníu,"Codorníu, Anna de Codorníu, brut, white, 0.75L",0.75 l (€14.53 / 1 l),€10.90
https://cdn.heinemann-shop.com/images/h6c/hcc/9154476638238.jpg,La Gioiosa,"La Gioiosa, Vino Bianco, Frizzante (screw cap) 0.2L",0.2 l (€9.50 / 1 l),€1.90
https://cdn.heinemann-shop.com/images/h44/hc2/9180653551646.jpg,Concha y Toro,"Concha y Toro, Casillero del Diablo, Devil's Brut, Limarí Valley, brut, white 0.75L",0.75 l (€14.00 / 1 l),€10.50
https://cdn.heinemann-shop.com/images/hca/h00/9180760899614.jpg,Mionetto,"Mionetto, Avantgarde Collection, Prosecco, DOC, extra dry, white 0.75L",0.75 l (€13.20 / 1 l),€9.90
https://cdn.heinemann-shop.com/images/heb/h8d/9180490891294.jpg,Canevel,"Canevel, Black Label, Valdobbiadene Prosecco Superiore, DOCG, brut, white 0.75L",0.75 l (€18.53 / 1 l),€13.90
https://cdn.heinemann-shop.com/images/hf9/h46/9180654305310.jpg,La Gioiosa,La Gioiosa Spritzzoso 0.75L,0.75 l (€10.53 / 1 l),€7.90
https://cdn.heinemann-shop.com/images/ha3/hfc/9180740747294.jpg,Segura Viudas,"Segura Viudas, Reserva, Penedès, DO, brut, white 0.75L",0.75 l (€12.67 / 1 l),€9.50
https://cdn.heinemann-shop.com/images/had/hb3/9180674785310.jpg,Inniskillin,"Inniskillin, Sparkling Ice Wine, Niagara, Ice Wine, sweet, white (gift box)",0.375 l (€213.07 / 1 l),€79.90
https://cdn.heinemann-shop.com/images/h0b/h8e/9329626021918.jpg,Henkell,"Henkell, Cuvée Unique, Blanc de Blancs, brut, white 0.75L",0.75 l (€18.53 / 1 l),from €13.90
https://cdn.heinemann-shop.com/images/he4/h79/9173010579486.jpg,Louis Bouillot,"Louis Bouillot, Perle de Vigne, Crémant de Bourgogne, AOC, brut, white 1.5L",1.5 l (€19.93 / 1 l),€29.90
https://cdn.heinemann-shop.com/images/h54/hc4/9384170225694.jpg,Ruggeri,"Ruggeri, Giustino B., Valdobbiadene Prosecco Spumante, brut, white, Giftbox 0.75L",0.75 l (€24.67 / 1 l),€18.50
https://cdn.heinemann-shop.com/images/h89/ha8/9180482600990.jpg,Langlois-Chateau,"Langlois-Chateau, L’Extra par Langlois, Cremant de Loire, brut, white 0.75L",0.75 l (€15.33 / 1 l),€11.50
https://cdn.heinemann-shop.com/images/h74/h9d/9180491644958.jpg,Langlois-Chateau,"Langlois-Chateau, L’Extra par Langlois, Cremant de Loire, brut, rosé 0.75L",0.75 l (€15.33 / 1 l),€11.50
https://cdn.heinemann-shop.com/images/h52/h23/9330664669214.jpg,Marchesi di Barolo,"Marchesi di Barolo, Asti Spumante, Moscato, Piemont, DOCG, sweet, white 0.75L",0.75 l (€19.87 / 1 l),€14.90
https://cdn.heinemann-shop.com/images/h0e/hc2/9172896448542.jpg,Tissot-Maire,"Tissot-Maire, Brut Lapiaz, Crémant du Jura, AOC, brut, white 0.75L",0.75 l (€17.20 / 1 l),€12.90
https://cdn.heinemann-shop.com/images/h9c/h6c/9180698312734.jpg,Freixenet,"Freixenet, Reserva, Cava, brut nature, white 0.375L",0.375 l (€19.47 / 1 l),€7.30
https://cdn.heinemann-shop.com/images/hd7/h25/9390177615902.jpg,André Delorme,"André Delorme, Crémant de Bourgogne, AOC, brut, rosé 0.75L",0.75 l (€17.20 / 1 l),€12.90
https://cdn.heinemann-shop.com/images/hbb/h59/9390176895006.jpg,André Delorme,"André Delorme, Crémant de Bourgogne, AOC, brut, white 0.75L",0.75 l (€17.20 / 1 l),€12.90
https://cdn.heinemann-shop.com/images/h12/h87/9102662696990.jpg,Krone,"Krone, Borealis, Méthode Cap Classique, brut, white 0.75L",0.75 l (€14.53 / 1 l),€10.90
https://cdn.heinemann-shop.com/images/h8e/h67/9338495434782.jpg,Bailoni Likoer,Bailoni Gold Marillen-Frizzante 6% 0.75L,0.75 l (€10.00 / 1 l),from €7.50
https://cdn.heinemann-shop.com/images/hfa/h60/9321390931998.jpg,Faustino,"Faustino, Cava Reserva, DO, brut, white 0.75L",0.75 l (€11.87 / 1 l),€8.90
https://cdn.heinemann-shop.com/images/hd1/h68/9380969119774.jpg,Blue Nun,"Blue Nun, Gold Edition Rosé,dry, rosé 0.75L",0.75 l (€10.00 / 1 l),€7.50
https://cdn.heinemann-shop.com/images/hdd/h5a/9429290680350.jpg,Masi,"Masi, Moxxé, Pinot Grigio Ramato, Spumante, brut, rosé 0.75L",0.75 l (€13.20 / 1 l),€9.90
https://cdn.heinemann-shop.com/images/h48/he9/9180854452254.jpg,Lindemans,"Lindemans, BIN 30, Sparkling, extra dry, rosé 0.75L",0.75 l (€11.87 / 1 l),€8.90
https://cdn.heinemann-shop.com/images/h94/h9e/9462876176414.jpg,Martini,Martini Sparkling Rosé 11.5% 0.75L,0.75 l (€17.20 / 1 l),€12.90
https://cdn.heinemann-shop.com/images/hc6/hdf/9180862119966.jpg,Lindemans,"Lindemans, BIN 25, Sparkling, extra dry, white 0.75L",0.75 l (€10.00 / 1 l),€7.50
https://cdn.heinemann-shop.com/images/hc7/hc0/9180781019166.jpg,Duc de Cherence,"Duc de Cherence, Sparkling Wine , sweet, white 0.75L",0.75 l (€4.67 / 1 l),€3.50
https://cdn.heinemann-shop.com/images/h07/h5f/9180423585822.jpg,Villa Sandi,"Villa Sandi, Millesimato, Prosecco Valdobbiadene Superiore, DOCG, brut, white, 0.75L",0.75 l (€17.20 / 1 l),€12.90
https://cdn.heinemann-shop.com/images/h26/h87/9180784033822.jpg,Duc de Cherence,"Duc de Cherence, Sparkling Wine, sweet, white 1.5L",1.5 l (€5.67 / 1 l),€8.50
https://cdn.heinemann-shop.com/images/h4e/h48/9390177386526.jpg,Bottega,"Bottega, Gold, Prosecco Spumante, DOC, brut, white, 1.5L",1.5 l (€25.93 / 1 l),€38.90
https://cdn.heinemann-shop.com/images/h0c/hf4/9390193344542.jpg,Bottega,"Bottega, Rosé Gold, brut, rosé, 0.75L",0.75 l (€26.00 / 1 l),from €19.50
https://cdn.heinemann-shop.com/images/h57/h9d/9390196162590.jpg,Bottega,"Bottega, Gold, Prosecco Spumante, DOC, brut, white, 0.75L",0.75 l (€26.00 / 1 l),from €19.50
https://cdn.heinemann-shop.com/images/h83/h97/9173040988190.jpg,Louis Bouillot,"Louis Bouillot, Perle d‘Aurore, Crémant de Bourgogne, AOC, brut, rosé 0.75L",0.75 l (€19.87 / 1 l),€14.90
https://cdn.heinemann-shop.com/images/hc6/hb2/9180384264222.jpg,Albert Bichot,"Albert Bichot, Crémant de Bourgogne, AOC, brut, rosé 0.75L",0.75 l (€21.20 / 1 l),€15.90
https://cdn.heinemann-shop.com/images/h51/h7f/9180638904350.jpg,Freixenet,"Freixenet, Cordón Rosado, brut, rosé, 0.75L",0.75 l (€10.53 / 1 l),€7.90
https://cdn.heinemann-shop.com/images/h67/h14/9462877618206.jpg,Martini,"Martini, Asti Spumante 7.5%, DOCG, semi-sweet, white 0.75L",0.75 l (€15.33 / 1 l),from €11.50
https://cdn.heinemann-shop.com/images/h3d/h1c/9422353498142.jpg,Villa Sandi,"Villa Sandi, Il Fresco, Prosecco Spumante, DOC, extra dry, white, 0.75 L",0.75 l (€15.87 / 1 l),€11.90
https://cdn.heinemann-shop.com/images/h2e/hf1/9390194491422.jpg,Bottega,"Bottega, Prosecco Spumante, DOC, brut, white 0.75L",0.75 l (€13.20 / 1 l),€9.90
https://cdn.heinemann-shop.com/images/hde/h2a/9168940826654.jpg,Cinzano,Cinzano Asti 0.75L,0.75 l (€11.60 / 1 l),€8.70
https://cdn.heinemann-shop.com/images/hdd/hd8/9338308952094.jpg,Schlumberger,Schlumberger Brut Magnum 1.5L,1.5 l (€19.27 / 1 l),from €28.90
https://cdn.heinemann-shop.com/images/hd3/h55/9180445507614.jpg,Schlumberger,Schlumberger Brut Jahrgangssekt 0.2L,0.2 l (€22.50 / 1 l),from €4.50
https://cdn.heinemann-shop.com/images/hac/h15/9296846422046.jpg,Villa Sandi,"Villa Sandi, Il Fresco, Spumante, brut, rosé, 0.75 L",0.75 l (€13.20 / 1 l),€9.90
https://cdn.heinemann-shop.com/images/h69/h7d/9338982400030.jpg,Josello,"Josello, Frizzante Secco , Veneto, IGP, dry, white (blue bottle)",0.2 l (€13.50 / 1 l),from €2.70
https://cdn.heinemann-shop.com/images/hf4/h1b/9390181711902.jpg,JUST BE,"beHugo, flavoured wine cocktail in aluminium bottle 0.2L",0.2 l (€21.50 / 1 l),from €4.30
https://cdn.heinemann-shop.com/images/h78/h35/9154564161566.jpg,Cantine Ferrari,"Cantine Ferrari, Perlé, Trento, DOC, brut, white, (gift box), 0.75L",0.75 l (€37.20 / 1 l),€27.90
https://cdn.heinemann-shop.com/images/h03/h95/9180412280862.jpg,Freixenet,"Freixenet, Grand Cuvee, brut, white & Pinot Noir Rosé, dry, rosé (Twin pack), 2x0.75L",1.5 l (€15.27 / 1 l),€22.90
https://cdn.heinemann-shop.com/images/h8d/ha4/9390177845278.jpg,Bottega,"Bottega, Rosé Gold, brut, rosé, 0.2L",0.2 l (€26.50 / 1 l),from €5.30
https://cdn.heinemann-shop.com/images/hdd/h8d/9180852944926.jpg,Rotkäppchen,"Rotkäppchen, Fruchtsecco, elderflower, fruity-fresh, 0.75L",0.75 l (€5.20 / 1 l),€3.90
https://cdn.heinemann-shop.com/images/h05/hf1/9462355132446.jpg,Martini,Martini Prosecco 0.2L,0.2 l (€26.50 / 1 l),from €5.30
https://cdn.heinemann-shop.com/images/h9d/h8c/9462353985566.jpg,Martini,Martini Asti 0.2L,0.2 l (€26.50 / 1 l),from €5.30
https://cdn.heinemann-shop.com/images/hb0/h5a/9401647300638.jpg,Veuve du Vernay,"Veuve du Vernay, Sparkling Wine, brut, white 0.75L",0.75 l (€6.53 / 1 l),€4.90
https://cdn.heinemann-shop.com/images/hd9/hbf/9344580223006.jpg,Krimsekt,"Krim Sparkling Wine, dry, white 0.75L",0.75 l (€10.53 / 1 l),€7.90
https://cdn.heinemann-shop.com/images/h09/he1/9344658964510.jpg,Krimsekt,"Krim Sparkling Wine , white, semi-dry 0.75L",0.75 l (€10.53 / 1 l),€7.90
https://cdn.heinemann-shop.com/images/h68/h22/9393703485470.jpg,Schlumberger,Schlumberger Rosé Vintage Season 2010 0.2L,0.2 l (€22.50 / 1 l),from €4.50
https://cdn.heinemann-shop.com/images/hce/hf4/9381059428382.jpg,Villa Sandi,"Villa Sandi, Prosecco Frizzante di Valdobbiadene, DOC, dry, white, 0.75 L",0.75 l (€13.20 / 1 l),€9.90
https://cdn.heinemann-shop.com/images/h69/h44/9180768469022.jpg,Schlumberger,Schlumberger White Secco 0.75L,0.75 l (€17.20 / 1 l),€12.90
https://cdn.heinemann-shop.com/images/h6e/h50/9180650536990.jpg,Schlumberger,"Schlumberger, Vintage, Brut, white (gift box), 0,75L",0.75 l (€17.20 / 1 l),from €12.90
https://cdn.heinemann-shop.com/images/hdc/hf1/9390179287070.jpg,Bottega,"Bottega, Gold, Prosecco Spumante, DOC, brut, white, 0.2L",0.2 l (€26.50 / 1 l),from €5.30
https://cdn.heinemann-shop.com/images/hc4/h2c/9329585094686.jpg,Louis Roederer,"Louis Roederer, Cristal Rosé, brut, rosé, (gift box), 0.75L",0.75 l (€586.53 / 1 l),€439.90
https://cdn.heinemann-shop.com/images/h69/h90/9329865293854.jpg,Veuve Clicquot,"Veuve Clicquot Brut, white Twinpack 2x0.75L, giftbox",1.5 l (€43.27 / 1 l),from €64.90
https://cdn.heinemann-shop.com/images/h6b/h37/9282443739166.jpg,Taittinger,"Taittinger, Comtes de Champagne, brut, white, (gift box), 0.75L",0.75 l (€181.20 / 1 l),€135.90
https://cdn.heinemann-shop.com/images/h15/h9d/9329022009374.jpg,Moët & Chandon,"Moët & Chandon Brut Impérial, white 0.2L",0.2 l (€81.50 / 1 l),from €16.30
https://cdn.heinemann-shop.com/images/h6b/hb3/9392789127198.jpg,Lanson,"Lanson, Black & Rosé, Champagne, AOC, brut, rose 2x0.75L (bi-pack)",1.5 l (€46.60 / 1 l),€69.90
https://cdn.heinemann-shop.com/images/h13/ha8/9329026957342.jpg,Louis Roederer,"Louis Roederer, Brut Premier, brut, white, (gift box), 0.75L",0.75 l (€57.20 / 1 l),from €42.90
https://cdn.heinemann-shop.com/images/hd4/hc7/9180527919134.jpg,Taittinger,"Taittinger, Brut Réserve, brut, white 0.375L",0.375 l (€58.40 / 1 l),from €21.90
https://cdn.heinemann-shop.com/images/he4/hbf/9399752556574.jpg,Nicolas Feuillatte,"Nicolas Feuillatte, Demi-Sec, Champagne, AOC, semi-dry, white (gift box) 0.75L",0.75 l (€39.87 / 1 l),€29.90
https://cdn.heinemann-shop.com/images/h45/ha0/9329071259678.jpg,Moët & Chandon,"Moët & Chandon Nectar Impérial, semi-sweet, white 0.75L, Giftpack",0.75 l (€63.87 / 1 l),from €47.90
https://cdn.heinemann-shop.com/images/h2f/h1b/9380944543774.jpg,Piper-Heidsieck,"Piper-Heidsieck, Rosé Sauvage, Champagne, AOC, brut, rosé 0.75L",0.75 l (€49.20 / 1 l),from €36.90
https://cdn.heinemann-shop.com/images/h53/hdf/9180813197342.jpg,Taittinger,"Taittinger, Prélude, brut, white (gift box) 0.75L",0.75 l (€66.53 / 1 l),€49.90
https://cdn.heinemann-shop.com/images/ha1/h28/9154496397342.jpg,Moët & Chandon,"Moët & Chandon Brut Impérial, white 1.5L Giftpack",1.5 l (€61.27 / 1 l),from €91.90
https://cdn.heinemann-shop.com/images/hd3/he2/9408531103774.jpg,Veuve Clicquot,"Veuve Clicquot, Vintage Rosé 0.75L",0.75 l (€95.87 / 1 l),from €71.90
https://cdn.heinemann-shop.com/images/h53/hce/9154523234334.jpg,Moët & Chandon,"Moët & Chandon Brut Impérial, white 0.375L",0.375 l (€70.67 / 1 l),€26.50
https://cdn.heinemann-shop.com/images/h16/h5a/9330117935134.jpg,Ruinart,"Ruinart, brut, rosé 0.75L, Giftpack",0.75 l (€95.87 / 1 l),€71.90
https://cdn.heinemann-shop.com/images/h50/h0b/9380956536862.jpg,Veuve Clicquot,"Veuve Clicquot, brut, white, 0.75L, giftbox",0.75 l (€58.53 / 1 l),from €43.90
https://cdn.heinemann-shop.com/images/hed/h9c/9380906336286.jpg,Taittinger,"Taittinger, Brut Réserve, brut, white, (gift box), 0.75L",0.75 l (€55.87 / 1 l),from €41.90
https://cdn.heinemann-shop.com/images/h59/h02/9180610101278.jpg,Pommery,"Pommery, Brut Rosé, brut, rosé (gift box) 0.75L",0.75 l (€55.87 / 1 l),€41.90
https://cdn.heinemann-shop.com/images/h01/hff/9329663934494.jpg,Taittinger,"Taittinger, Brut Réserve, brut, white, (twin pack), 1.5L",1.5 l (€49.93 / 1 l),from €74.90
https://cdn.heinemann-shop.com/images/h62/hed/9180413034526.jpg,Taittinger,"Taittinger, Brut Millésimé, brut, white (Gift pack) 0.75L",0.75 l (€70.53 / 1 l),€52.90
https://cdn.heinemann-shop.com/images/h11/he1/9180796157982.jpg,Laurent-Perrier,"Laurent-Perrier, Millésimé, brut, white (gift box) 0.75L",0.75 l (€69.20 / 1 l),€51.90
https://cdn.heinemann-shop.com/images/h00/h9a/9331418103838.jpg,Moët & Chandon,Moët & Chandon Brut Impérial 2x0.75L Twinpack,1.5 l (€43.27 / 1 l),from €64.90
https://cdn.heinemann-shop.com/images/h67/hcd/9379236511774.jpg,Piper-Heidsieck,"Piper-Heidsieck, Cuvée Brut, Champagne, AOC, brut, white (gift box) 0.75L",0.75 l (€49.20 / 1 l),from €36.90
https://cdn.heinemann-shop.com/images/h59/hfc/9327956262942.jpg,Moët & Chandon,Moet & Chandon Ice Imperial 0.75L,0.75 l (€66.53 / 1 l),from €49.90
https://cdn.heinemann-shop.com/images/h45/h9b/9180546170910.jpg,Rare,"Rare, Millesime, Champagne, AOC, brut, white (gift box) 0.75L",0.75 l (€199.87 / 1 l),€149.90
https://cdn.heinemann-shop.com/images/hf3/hee/9378649341982.jpg,Bollinger,"Bollinger, brut, rosé, 0.75L",0.75 l (€79.87 / 1 l),from €59.90
https://cdn.heinemann-shop.com/images/hea/hae/9369896583198.jpg,Moët & Chandon,Moët & Chandon Grand Vintage Rosé 0.75L,0.75 l (€83.87 / 1 l),€62.90
https://cdn.heinemann-shop.com/images/ha5/he1/9354475667486.jpg,Louis Roederer,Louis Roederer Brut Nature 0.75L,0.75 l (€89.20 / 1 l),from €66.90
https://cdn.heinemann-shop.com/images/hc1/hc5/9435837267998.jpg,Bollinger,"Bollinger, Special Cuvée, Champagne, AOC, brut, white 2x0.375L (Twinpack)",0.75 l (€61.20 / 1 l),from €45.90
https://cdn.heinemann-shop.com/images/hd4/hd0/9180831678494.jpg,Deutz,"Deutz, Brut Classic, Champagne, AOC, brut, rosé (gift box) 0.75L",0.75 l (€62.53 / 1 l),€46.90
https://cdn.heinemann-shop.com/images/h4b/h86/9331349553182.jpg,Moët & Chandon,Moët & Chandon Ice Imperial Rosé 0.75L,0.75 l (€71.87 / 1 l),from €53.90
https://cdn.heinemann-shop.com/images/hc4/h38/9329261314078.jpg,Champagne Barons de Rothschild,Champagne Barons de Rothschild Blanc de Blancs 0.75 L in premiium gift box,0.75 l (€75.87 / 1 l),€56.90
https://cdn.heinemann-shop.com/images/he7/h95/9329897963550.jpg,Champagne Barons de Rothschild,Champagne Barons de Rothschild Brut 0.75 L in premium gift box,0.75 l (€55.87 / 1 l),from €41.90
https://cdn.heinemann-shop.com/images/h23/h0e/9409876721694.jpg,Veuve Clicquot,"Veuve Clicquot, Vintage Reserve, brut, white 0.75L",0.75 l (€90.53 / 1 l),from €67.90
https://cdn.heinemann-shop.com/images/hff/h28/9491716374558.jpg,Pommery,"Pommery, Brut Royal, brut, white (gift box) 0.75L",0.75 l (€45.20 / 1 l),€33.90
https://cdn.heinemann-shop.com/images/h0d/hde/9379133685790.jpg,Piper-Heidsieck,"Piper-Heidsieck, Cuvée Brut, Champagne, AOC, brut, white 0.375L",0.375 l (€53.07 / 1 l),€19.90
https://cdn.heinemann-shop.com/images/h4b/h56/9329887019038.jpg,Taittinger,"Taittinger, Brut Rosé, brut, rosé, (gift box), 0.75L",0.75 l (€66.53 / 1 l),from €49.90
https://cdn.heinemann-shop.com/images/ha1/h52/9301409890334.jpg,Louis Roederer,"Louis Roederer, Vintage, brut, white, (gift box) 0.75L",0.75 l (€85.20 / 1 l),from €63.90
https://cdn.heinemann-shop.com/images/h9c/h06/9367537057822.jpg,Duval-Leroy,"Duval-Leroy, Brut Réserve, brut, white (gift box)",0.75 l (€45.20 / 1 l),€33.90
https://cdn.heinemann-shop.com/images/he3/h0c/9415530315806.jpg,Louis Roederer,"Louis Roederer, Rosé Vintage, brut, rose (gift box), 0.75L",0.75 l (€85.20 / 1 l),€63.90
https://cdn.heinemann-shop.com/images/hef/hb0/9399725785118.jpg,Laurent-Perrier,"Laurent-Perrier, Cuvée Rosé, brut, rosé (gift box) 0.75L",0.75 l (€95.87 / 1 l),€71.90
https://cdn.heinemann-shop.com/images/h65/hfe/9189362925598.jpg,Louis Roederer,"Louis Roederer, Brut Premier, brut, white, (twin pack), 1.5L",1.5 l (€51.27 / 1 l),€76.90
https://cdn.heinemann-shop.com/images/h6a/hd4/9378561556510.jpg,Dom Pérignon,"Dom Pérignon, brut, rosé 0.75L, Giftpack",0.75 l (€426.53 / 1 l),from €319.90
https://cdn.heinemann-shop.com/images/h11/h69/9207961288734.jpg,Lanson,"Lanson, Extra Age, brut, white (gift box) , 0.75L",0.75 l (€63.87 / 1 l),€47.90
https://cdn.heinemann-shop.com/images/h16/h71/9435837726750.jpg,Bollinger,"Bollinger, Special Cuvée, brut, white, 2x0.75L (Twinpack)",1.5 l (€54.60 / 1 l),from €81.90
https://cdn.heinemann-shop.com/images/h06/h5c/9378814853150.jpg,Bollinger,"Bollinger, Special Cuvée, Champagne, AOC brut, white 1.5L",1.5 l (€63.27 / 1 l),€94.90
https://cdn.heinemann-shop.com/images/h8e/h4a/9180524871710.jpg,Lanson,"Lanson, Black Label/Rosé Label, Champagne, AOC, white/rose, brut (duopack) 2x0.2L",0.4 l (€62.25 / 1 l),from €24.90
https://cdn.heinemann-shop.com/images/h7e/h10/9415534608414.jpg,Louis Roederer,"Louis Roederer, Blanc de Blancs, Vintage, Champagne, AOC, brut, white (gift box) 0.75L",0.75 l (€93.20 / 1 l),€69.90
https://cdn.heinemann-shop.com/images/h7e/hea/9180746022942.jpg,Lanson,"Lanson, Père & Fils, brut, white (gift box) 0.75L",0.75 l (€53.20 / 1 l),€39.90
https://cdn.heinemann-shop.com/images/hfe/ha3/9340320710686.jpg,Lanson,"Lanson, White Label, dry, white 0.75L",0.75 l (€55.87 / 1 l),€41.90
https://cdn.heinemann-shop.com/images/hc9/ha5/9180738486302.jpg,Lanson,"Lanson, Père & Fils, brut, white 1.5L",1.5 l (€54.60 / 1 l),€81.90
https://cdn.heinemann-shop.com/images/h6a/hb1/9300547862558.jpg,Louis Roederer,"Louis Roederer, Brut Premier, brut, white, (gift box), 1.5L",1.5 l (€56.60 / 1 l),from €84.90
https://cdn.heinemann-shop.com/images/h24/h58/9180535521310.jpg,Henriot,"Henriot, Brut Souverain, Champagne, AOC, brut, white (twinpack) 2x0.75L",1.5 l (€41.93 / 1 l),€62.90
https://cdn.heinemann-shop.com/images/h4f/h0c/9378748039198.jpg,Henriot,"Henriot, Blanc de Blancs, Champagne, AOC, brut, white (gift box) 0.75L",0.75 l (€53.20 / 1 l),€39.90
https://cdn.heinemann-shop.com/images/h64/h1c/9369084493854.jpg,Piper-Heidsieck,"Piper-Heidsieck, Cuvée Brut, Champagne, AOC, brut, white 2x0.75L Twinpack",1.5 l (€42.60 / 1 l),from €63.90
https://cdn.heinemann-shop.com/images/hf0/h85/9180597288990.jpg,E.Michel,"E. Michel, Brut Réserve, Champagne, AOC, brut, white 0.75L",0.75 l (€35.33 / 1 l),€26.50
https://cdn.heinemann-shop.com/images/h08/h29/9180752805918.jpg,Piper-Heidsieck,"Piper-Heidsieck, Essentiel, Champagne, AOC, brut, white (gift box) 0.75L",0.75 l (€50.53 / 1 l),€37.90
https://cdn.heinemann-shop.com/images/hda/ha0/9180395569182.jpg,Ayala,"Ayala Rosé Majeur,Champagne, AOC, brut, rosé 0.75L (gift box)",0.75 l (€57.20 / 1 l),€42.90
https://cdn.heinemann-shop.com/images/hb6/hcb/9180625240094.jpg,Lanson,"Lanson, Père & Fils, Champagne, AOC, brut, white 2x0.75L",1.5 l (€39.93 / 1 l),€59.90
https://cdn.heinemann-shop.com/images/h83/h03/9180574285854.jpg,Lanson,"Lanson Rosé Label, Music Box Edition, Champagne, AOC, brut, rosé (gift box) 0.75L",0.75 l (€55.87 / 1 l),€41.90
https://cdn.heinemann-shop.com/images/h32/hb7/9172881375262.jpg,De Venoge,"De Venoge, Princes, Champagne, AOC, brut, rosé (gift box) 0.75L",0.75 l (€73.20 / 1 l),€54.90
https://cdn.heinemann-shop.com/images/h91/hd1/9256498987038.jpg,Piper-Heidsieck,"Piper-Heidsieck, Riviera, Champagne, AOC, demi-sec, white (sleeve) 0.75L",0.75 l (€50.53 / 1 l),from €37.90
https://cdn.heinemann-shop.com/images/he0/hd1/9180415295518.jpg,Piper-Heidsieck,"Piper-Heidsieck, Cuvée Brut, Champagne, AOC, brut, white (travel gift set incl. 2 glasses) 0.75L",0.75 l (€51.87 / 1 l),from €38.90
https://cdn.heinemann-shop.com/images/h4b/h10/9180611608606.jpg,Lanson,"Lanson, Green Label, Champagne, AOC, brut, white 0.75L (gift box, organic)",0.75 l (€59.87 / 1 l),€44.90
https://cdn.heinemann-shop.com/images/h8d/hf3/9462895837214.jpg,Mumm Champagne,Mumm Cordon Rouge Twinpack 2x0.75L,1.5 l (€45.27 / 1 l),from €67.90
https://cdn.heinemann-shop.com/images/h85/h80/9462409134110.jpg,Perrier-Jouet,Perrier Jouet Grant Brut 0.75L,0.75 l (€55.87 / 1 l),€41.90
https://cdn.heinemann-shop.com/images/ha3/h62/9380727914526.jpg,Nicolas Feuillatte,"Nicolas Feuillatte, Réserve Exclusive, Champagne, AOC, brut, white (gift box) 0.75L",0.75 l (€39.87 / 1 l),€29.90
https://cdn.heinemann-shop.com/images/h7f/h37/9400763908126.jpg,Veuve Clicquot,"Veuve Clicquot, Brut, Rosé 0.75L, Giftpack",0.75 l (€73.20 / 1 l),from €54.90
https://cdn.heinemann-shop.com/images/h1e/h90/9329032757278.jpg,Laurent-Perrier,"Laurent-Perrier, La Cuvée, Champagne, AOC, brut, white",0.75 l (€53.20 / 1 l),€39.90
https://cdn.heinemann-shop.com/images/h28/hca/9154655158302.jpg,Veuve Clicquot,"Veuve Clicquot, Demi Sec, semi-dry, white 0.75L",0.75 l (€58.53 / 1 l),from €43.90
https://cdn.heinemann-shop.com/images/h71/h0d/9494290694174.jpg,Dom Pérignon,Dom Pérignon 0.75L,0.75 l (€221.20 / 1 l),from €165.90
https://cdn.heinemann-shop.com/images/h17/h8b/9380997759006.jpg,Moët & Chandon,"Moët & Chandon Brut Impérial, rose 0.75L Giftpack",0.75 l (€63.87 / 1 l),from €47.90
https://cdn.heinemann-shop.com/images/he3/h43/9462889119774.jpg,Mumm Champagne,Mumm Cordon Rouge 0.75L,0.75 l (€53.20 / 1 l),€39.90
https://cdn.heinemann-shop.com/images/he3/hb0/9380849025054.jpg,Bollinger,"Bollinger, Special Cuvée, Champagne, AOC brut, white (gift box) 0.75L",0.75 l (€61.20 / 1 l),from €45.90
https://cdn.heinemann-shop.com/images/h54/hd5/9154623602718.jpg,Moët & Chandon,"Moët & Chandon Brut Vintage, white 0.75L Giftpack",0.75 l (€82.53 / 1 l),from €61.90
https://cdn.heinemann-shop.com/images/hac/h6a/9032260583454.jpg,Veuve Clicquot,"Veuve Clicquot Extra Brut Extra Old 0.75L, giftpack",0.75 l (€87.87 / 1 l),€65.90
https://cdn.heinemann-shop.com/images/h6c/he5/9173098790942.jpg,Nicolas Feuillatte,"Nicolas Feuillatte, Réserve Exclusive, Champagne, AOC, brut, white (twinpack) 1.5L",1.5 l (€34.60 / 1 l),from €51.90
https://cdn.heinemann-shop.com/images/h7e/h05/9380665032734.jpg,Moët & Chandon,"Moët & Chandon Brut Impérial, white 0.75 Giftpack",0.75 l (€45.20 / 1 l),from €33.90
https://cdn.heinemann-shop.com/images/h57/h2d/9330145624094.jpg,Ruinart,"Ruinart Blanc De Blancs, brut, white 0.75L, Giftpack",0.75 l (€95.87 / 1 l),€71.90
https://cdn.heinemann-shop.com/images/hae/he3/9340419342366.jpg,Pommery,"Pommery, Brut Royal, brut, white (Ice Jacket) 0.75L",0.75 l (€46.53 / 1 l),€34.90
https://cdn.heinemann-shop.com/images/h59/h89/9502090133534.jpg,Krug,"Krug Grand Cuvée, brut, white, 0.75L, giftbox",0.75 l (€247.87 / 1 l),€185.90
https://cdn.heinemann-shop.com/images/h6a/hdd/9392787456030.jpg,Bollinger,"Bollinger, La Grande Année, brut, white, 0.75L",0.75 l (€154.53 / 1 l),€115.90
https://cdn.heinemann-shop.com/images/he6/hf2/9328012722206.jpg,Champagne Barons de Rothschild,"Champagne Barons de Rothschild, Blanc de Blancs, Vintage, Champagne, AOC, brut, white (gift box) 0.75L",0.75 l (€333.20 / 1 l),€249.90
https://cdn.heinemann-shop.com/images/h73/h38/9305988333598.jpg,Champagne Barons de Rothschild,Champagne Barons de Rothschild Rose 0.75 L in premium gift box,0.75 l (€75.87 / 1 l),€56.90
https://cdn.heinemann-shop.com/images/h70/h03/9305990856734.jpg,Veuve Clicquot,"Veuve Clicquot, La Grande Dame, brut, white 0.75L, giftbox",0.75 l (€181.20 / 1 l),from €135.90
https://cdn.heinemann-shop.com/images/hae/h79/9154596896798.jpg,Veuve Clicquot,"Veuve Clicquot, brut, white, 0.375L",0.375 l (€69.07 / 1 l),€25.90
https://cdn.heinemann-shop.com/images/he9/h5b/9154550169630.jpg,Veuve Clicquot,"Veuve Clicquot, brut, white, 1,5l",1.5 l (€64.60 / 1 l),€96.90
https://cdn.heinemann-shop.com/images/hc1/h60/9180750544926.jpg,Nicolas Feuillatte,"Nicolas Feuillatte, Réserve Exclusive, Champagne, AOC, brut, rosé (gift box) 0.75L",0.75 l (€53.20 / 1 l),€39.90
https://cdn.heinemann-shop.com/images/h54/hd0/9498023297054.jpg,Dom Pérignon,"Dom Pérignon P2 2003 0.75L, Giftpack",0.75 l (€487.87 / 1 l),from €365.90
https://cdn.heinemann-shop.com/images/h97/h45/9180667117598.jpg,Nicolas Feuillatte,"Nicolas Feuillatte, Réserve Exclusive, Champagne, AOC, brut, white 1.5L",1.5 l (€43.27 / 1 l),€64.90
https://cdn.heinemann-shop.com/images/h4c/hfc/9180449275934.jpg,Piper-Heidsieck,"Piper-Heidsieck, Cuvée Brut, Champagne, AOC, brut, white 0.75L (lipstick edition)",0.75 l (€59.87 / 1 l),€44.90
https://cdn.heinemann-shop.com/images/h67/h27/9521447960606.jpg,Moët & Chandon,"Moët & Chandon Rosé Impérial, 2020 End Of Year, Gift Box 0.75L",0.75 l (€63.87 / 1 l),from €47.90
https://cdn.heinemann-shop.com/images/ha5/h11/9425517084702.jpg,Deutz,"Deutz, Brut Classic, Champagne, AOC, brut, white (gift box) 0.75L",0.75 l (€49.20 / 1 l),€36.90
https://cdn.heinemann-shop.com/images/h6e/h6c/9466038583326.jpg,Lanson,"Lanson, Rosé Label, Champagne, AOC, brut, rosé (twinpack) 2x0.75L",1.5 l (€49.93 / 1 l),€74.90
https://cdn.heinemann-shop.com/images/hc2/h81/9331072106526.jpg,Moët & Chandon,Moet & Chandon Rose Imperial 0.2L,0.2 l (€92.50 / 1 l),from €18.50
https://cdn.heinemann-shop.com/images/h4d/hff/9327939944478.jpg,Jack Daniel's,Jack Daniel's Sinatra Select 45% 1L,1 l (€152.90 / 1 l),from €152.90
https://cdn.heinemann-shop.com/images/hb0/hcb/9339229732894.jpg,Jack Daniel's,Jack Daniel's Black 40% 0.2L,0.2 l (€44.50 / 1 l),€8.90
https://cdn.heinemann-shop.com/images/h2d/hcf/9221747081246.jpg,Jack Daniel's,Jack Daniel's 40% + Honey 35% Twinpack 2x1L,2 l (€22.95 / 1 l),from €45.90
https://cdn.heinemann-shop.com/images/h45/hf5/9340005679134.jpg,Jack Daniel's,"Jack Daniel's Black Label Twinpack 40% 2x1l + 0,2L Gentleman Jack",2.2 l (€24.95 / 1 l),from €54.90
https://cdn.heinemann-shop.com/images/hff/h11/9380894965790.jpg,Jack Daniel's,Jack Daniel's 40% 1L,1 l (€21.90 / 1 l),from €21.90
https://cdn.heinemann-shop.com/images/hb0/h5f/9329612357662.jpg,Jim Beam,Jim Beam White 40% 0.5L PET,0.5 l (€23.80 / 1 l),from €11.90
https://cdn.heinemann-shop.com/images/hce/h4c/9222046810142.jpg,Jack Daniel's,Jack Daniel's 40% 1.75L,1.75 l (€27.37 / 1 l),from €47.90
https://cdn.heinemann-shop.com/images/hb2/h80/9380937859102.jpg,Jack Daniel's,Jack Daniel's Single Barrel 100 Proof 50% 0.7L Giftpack,0.7 l (€72.71 / 1 l),from €50.90
https://cdn.heinemann-shop.com/images/hff/hb2/9380726767646.jpg,Jack Daniel's,Jack Daniel's 40% 0.5L PET,0.5 l (€33.40 / 1 l),from €16.70
https://cdn.heinemann-shop.com/images/h73/hf0/9335662510110.jpg,Makers Mark,Maker's Mark KSB Whiskey 45% 1L,1 l (€35.90 / 1 l),from €35.90
https://cdn.heinemann-shop.com/images/hbf/h7e/9402553237534.jpg,Woodford,Woodford Reserve Distiller's Select 43.2% 1L,1 l (€43.50 / 1 l),from €43.50
https://cdn.heinemann-shop.com/images/h35/h31/9330549096478.jpg,Jim Beam,Jim Beam Black 43% 1L,1 l (€26.90 / 1 l),from €26.90
https://cdn.heinemann-shop.com/images/h38/ha3/9378808463390.jpg,Jack Daniel's,Jack Daniel's Tennessee Rye 45% 1L,1 l (€32.50 / 1 l),from €32.50
https://cdn.heinemann-shop.com/images/h61/hb2/9378900934686.jpg,Jack Daniel's,"Jack Daniel's Bottled In Bond 50% 1L, giftbox",1 l (€32.50 / 1 l),from €32.50
https://cdn.heinemann-shop.com/images/he9/hfa/9329377345566.jpg,Woodford,Woodford Reserve Kentucky Straight Rye Whiskey 45.2% 1L,1 l (€54.90 / 1 l),€54.90
https://cdn.heinemann-shop.com/images/ha5/he4/9329059266590.jpg,Woodford,Woodford Reserve Double Oaked 43.2% 1L,1 l (€60.90 / 1 l),from €60.90
https://cdn.heinemann-shop.com/images/h2a/hbc/9331357450270.jpg,Makers Mark,Maker’s Mark 101 1L 50.5%,1 l (€44.90 / 1 l),from €44.90
https://cdn.heinemann-shop.com/images/h10/h4f/9380632297502.jpg,Jack Daniel's,Jack Daniel's Legacy Edition No. 2 43% 1L giftbox,1 l (€29.90 / 1 l),from €29.90
https://cdn.heinemann-shop.com/images/h50/h86/9329381834782.jpg,Woodford,Woodford Reserve Baccarat Edition 45.2% 0.7L giftpack,"0.7 l (€2,071.29 / 1 l)","€1,449.90"
https://cdn.heinemann-shop.com/images/hcf/h46/9378882387998.jpg,Jim Beam,"Jim Beam Bi-Pack, Black 43% & White 40%, 2x1L",2 l (€18.95 / 1 l),from €37.90
https://cdn.heinemann-shop.com/images/h3f/h55/9327823388702.jpg,Jack Daniel's,Jack Daniel's Twinpack 40% 2x1L,2 l (€22.95 / 1 l),from €45.90
https://cdn.heinemann-shop.com/images/h38/h2e/9221441519646.jpg,Jack Daniel's,Jack Daniel's 40% 3L,3 l (€26.63 / 1 l),from €79.90
https://cdn.heinemann-shop.com/images/hc7/h0c/9327971336222.jpg,Jack Daniel's,Jack Daniel's No.27 40% 0.7L,0.7 l (€117.00 / 1 l),from €81.90
https://cdn.heinemann-shop.com/images/hda/he4/9381043437598.jpg,Jim Beam,Jim Beam White 40% 1.75L,1.75 l (€17.66 / 1 l),€30.90
https://cdn.heinemann-shop.com/images/hde/h25/9329172480030.jpg,Gentleman Jack,Gentleman Jack 40% 1L,1 l (€37.90 / 1 l),from €37.90
https://cdn.heinemann-shop.com/images/h51/hb0/9381008048158.jpg,Jim Beam,Jim Beam White 40% 1L,1 l (€18.50 / 1 l),from €18.50
https://cdn.heinemann-shop.com/images/hdd/h71/9221570953246.jpg,Jim Beam,Jim Beam Red Stag 40% 1L,1 l (€19.50 / 1 l),from €19.50
https://cdn.heinemann-shop.com/images/h54/heb/9462360866846.jpg,Four Roses,"Four Roses, Kentucky Straight Bourbon Whiskey, Tin 40% 1L",1 l (€21.90 / 1 l),€21.90
https://cdn.heinemann-shop.com/images/h9f/h03/9221695275038.jpg,Old Forester,Old Forester Kentucky Straight Bourbon 43% 1L,1 l (€31.90 / 1 l),€31.90
https://cdn.heinemann-shop.com/images/h1d/h0d/9222841139230.jpg,Jim Beam,Jim Beam Single Barrel 47.5% 0.7L,0.7 l (€47.00 / 1 l),from €32.90
https://cdn.heinemann-shop.com/images/hf0/h7c/9278017568798.jpg,Jim Beam,Jim Beam Black 43% 1L Value Added Pack +1 Glas,1 l (€26.90 / 1 l),from €26.90
https://cdn.heinemann-shop.com/images/h95/h24/9221416517662.jpg,Jim Beam,Jim Beam Black 2x1L 43%,2 l (€22.45 / 1 l),from €44.90
https://cdn.heinemann-shop.com/images/h61/h86/9331127648286.jpg,Bushmills,Bushmills Steamship Collection Sherry Cask Reserve 40% 1L,1 l (€79.90 / 1 l),from €79.90
https://cdn.heinemann-shop.com/images/hdf/h09/9435827666974.jpg,Tullamore Dew,Tullamore Dew Original 40% 1L,1 l (€23.50 / 1 l),from €23.50
https://cdn.heinemann-shop.com/images/h42/h3a/9494637150238.jpg,Jameson,Jameson 40% 1L,1 l (€28.50 / 1 l),from €28.50
https://cdn.heinemann-shop.com/images/h48/ha3/9462897442846.jpg,Jameson,Jameson 40% 0.5L PET,0.5 l (€33.00 / 1 l),from €16.50
https://cdn.heinemann-shop.com/images/h2c/h6f/9462421749790.jpg,Jameson,Midleton Very Rare 40% 0.7l,0.7 l (€285.57 / 1 l),€199.90
https://cdn.heinemann-shop.com/images/h2e/ha1/9331083673630.jpg,Slane,Slane Irish Whiskey 40% 1L,1 l (€33.50 / 1 l),from €33.50
https://cdn.heinemann-shop.com/images/h1d/h92/9273915506718.jpg,Tullamore Dew,Tullamore Dew XO Rum Finish 43.0% 1L,1 l (€31.90 / 1 l),from €31.90
https://cdn.heinemann-shop.com/images/h17/hd1/9462868901918.jpg,Jameson,Jameson 18 yo Bow Street 55.3% 0.7L,0.7 l (€351.29 / 1 l),€245.90
https://cdn.heinemann-shop.com/images/h1f/h68/9462867525662.jpg,Jameson,Jameson 18 yo 40% 0.7L,0.7 l (€279.86 / 1 l),€195.90
https://cdn.heinemann-shop.com/images/h9e/hf2/9462397599774.jpg,Jameson,Jameson *** 40% 2x1L,2 l (€23.95 / 1 l),from €47.90
https://cdn.heinemann-shop.com/images/h11/hd9/9462418309150.jpg,Jameson,Jameson Triple Pack 40% 3x0.2L,0.6 l (€53.17 / 1 l),€31.90
https://cdn.heinemann-shop.com/images/he9/h74/9379241918494.jpg,Bushmills,Bushmills Original Blended Irish Whiskey & 2 Bushmills branded whiskey glasses 40% 1L,1 l (€22.50 / 1 l),from €22.50
https://cdn.heinemann-shop.com/images/hc5/h6c/9221494571038.jpg,Bushmills,"Bushmills Steamship Bourbon Cask 40% 1L, Giftpack",1 l (€51.90 / 1 l),€51.90
https://cdn.heinemann-shop.com/images/haa/h93/9221809799198.jpg,Connemara,Connemara Peated Single Malt Irish Whiskey 40% 0.7L giftpack,0.7 l (€35.57 / 1 l),from €24.90
https://cdn.heinemann-shop.com/images/h03/h15/9378584166430.jpg,Tullamore Dew,Tullamore Dew Original 40% 0.5L PET,0.5 l (€27.80 / 1 l),from €13.90
https://cdn.heinemann-shop.com/images/h3c/h6f/9462878044190.jpg,Jameson,Jameson Caskmates 40% 1L,1 l (€33.90 / 1 l),from €33.90
https://cdn.heinemann-shop.com/images/h64/h13/9462886072350.jpg,Jameson,Jameson Caskmates IPA 40% 1L,1 l (€33.90 / 1 l),from €33.90
https://cdn.heinemann-shop.com/images/h4e/h2e/9462867230750.jpg,Jameson,Jameson Black Barrel 40% 1L giftpack,1 l (€43.90 / 1 l),from €43.90
https://cdn.heinemann-shop.com/images/h02/h12/9329478139934.jpg,Bushmills,Bushmills Original 40% 1L,1 l (€21.90 / 1 l),from €21.90
https://cdn.heinemann-shop.com/images/he2/hd1/9329956356126.jpg,Bushmills,Bushmills Black Bush 40% 1L Giftpack,1 l (€31.50 / 1 l),from €31.50
https://cdn.heinemann-shop.com/images/hc1/h43/9462895607838.jpg,Jameson,Jameson Triple Triple 40% 1L,1 l (€25.90 / 1 l),from €25.90
https://cdn.heinemann-shop.com/images/h85/h17/9462878502942.jpg,Redbreast,Redbreast 12yo Single Pot Still Irish Whiskey 0.7L Giftpack,0.7 l (€68.43 / 1 l),€47.90
https://cdn.heinemann-shop.com/images/h72/h58/9462886301726.jpg,Redbreast,Redbreast 15yo Single Pot Still Irish Whiskey giftpack 0.7L,0.7 l (€108.43 / 1 l),€75.90
https://cdn.heinemann-shop.com/images/hed/h1e/9221927305246.jpg,Tullamore Dew,Tullamore Dew Cider Cask Finish 40% 0.5L,0.5 l (€41.00 / 1 l),from €20.50
https://cdn.heinemann-shop.com/images/h29/h3e/9340504866846.jpg,Kilbeggan,Kilbeggan - Blended Irish Whiskey 40% 1L,1 l (€18.50 / 1 l),€18.50
https://cdn.heinemann-shop.com/images/hc1/h8f/9221674795038.jpg,Bushmills,Bushmills Steamship Port Cask 40% 0.7L GP,0.7 l (€142.71 / 1 l),€99.90
https://cdn.heinemann-shop.com/images/h98/h45/9105209917470.jpg,Teeling,Teeling Small Batch Whiskey 46% 1L,1 l (€41.90 / 1 l),from €41.90
https://cdn.heinemann-shop.com/images/hf8/had/9221541429278.jpg,Teeling,Teeling Single Grain Whiskey 46% 1L,1 l (€51.90 / 1 l),from €51.90
https://cdn.heinemann-shop.com/images/h2d/h3e/9379403071518.jpg,Bushmills,Bushmills Bi-Pack 1L : Bushmills Original 1L + Blackbush 1L 40% abv,2 l (€24.45 / 1 l),€48.90
https://cdn.heinemann-shop.com/images/hb9/hc4/9329972903966.jpg,Bushmills,"Bushmills Steamship Rum Cask 40% 0.7L, GP",0.7 l (€142.71 / 1 l),from €99.90
https://cdn.heinemann-shop.com/images/h17/hb4/9330788302878.jpg,Akashi,Akashi Blended Whisky 40% 0.5L Giftpack,0.5 l (€69.80 / 1 l),from €34.90
https://cdn.heinemann-shop.com/images/h19/h71/9330845646878.jpg,Togouchi,Togouchi Premium Blended Whisky 40% 0.7L Giftpack,0.7 l (€71.29 / 1 l),from €49.90
https://cdn.heinemann-shop.com/images/h6f/h74/9329435738142.jpg,Chita,"Chita Single Grain 43% 0.7L, Giftpack",0.7 l (€65.57 / 1 l),from €45.90
https://cdn.heinemann-shop.com/images/hb3/hda/9331319472158.jpg,Hakushu,Hakushu Distillers Reserve 43% 0.7L,0.7 l (€114.14 / 1 l),€79.90
https://cdn.heinemann-shop.com/images/h0d/h02/9329277337630.jpg,Yamazakura,Yamazakura Japanese Blended Whisky 40% 0.7L giftpack,0.7 l (€79.86 / 1 l),from €55.90
https://cdn.heinemann-shop.com/images/h2c/h19/9329547116574.jpg,Kurayoshi,"Kurayoshi Malt Whisky 8y, 43%, 0.7L, giftbox",0.7 l (€151.29 / 1 l),from €105.90
https://cdn.heinemann-shop.com/images/ha8/hd0/9329594761246.jpg,Kurayoshi,"Kurayoshi Malt Whisky 18y, 50%, 0.7L, giftbox",0.7 l (€428.43 / 1 l),from €299.90
https://cdn.heinemann-shop.com/images/hbe/h9a/9330591858718.jpg,Kurayoshi,"Kurayoshi Malt Whisky Sherry Cask, 43%, 0.7L, giftbox",0.7 l (€135.57 / 1 l),from €94.90
https://cdn.heinemann-shop.com/images/h27/h54/9330618761246.jpg,Toki,Toki Suntory Blended Whisky 43% 1L,1 l (€36.90 / 1 l),from €36.90
https://cdn.heinemann-shop.com/images/hd0/h59/9200553590814.jpg,The Nikka,The Nikka Days 40% 0.7L giftpack,0.7 l (€57.00 / 1 l),from €39.90
https://cdn.heinemann-shop.com/images/h76/h68/9378618179614.jpg,The Nikka,Nikka From The Barrel 51.4% 0.5L Giftpack,0.5 l (€87.80 / 1 l),from €43.90
https://cdn.heinemann-shop.com/images/h65/hf1/9491017629726.jpg,Kurayoshi,"Kurayoshi Malt Whisky 12y, 43%, 0.7L, giftbox",0.7 l (€194.14 / 1 l),from €135.90
https://cdn.heinemann-shop.com/images/hbe/hef/9330613649438.jpg,Kurayoshi,"Kurayoshi Malt Whisky, 43%, 0.7L, giftbox",0.7 l (€121.29 / 1 l),from €84.90
https://cdn.heinemann-shop.com/images/h8f/h66/9221707399198.jpg,The Nikka,Nikka Coffey Grain 45% 0.7L Giftpack,0.7 l (€77.00 / 1 l),from €53.90
https://cdn.heinemann-shop.com/images/h38/h16/9221686165534.jpg,The Nikka,Nikka Coffey Malt Whisky 45% 0.7L Giftpack,0.7 l (€85.57 / 1 l),from €59.90
https://cdn.heinemann-shop.com/images/h99/h79/9329386749982.jpg,Hibiki,Hibiki Harmony Master's Select 43% 0.7L,0.7 l (€142.71 / 1 l),from €99.90
https://cdn.heinemann-shop.com/images/h71/h91/9339968159774.jpg,Mars Whisky,Mars Whisky Maltage Cosmo 43% 0.7L giftpack,0.7 l (€88.43 / 1 l),€61.90
https://cdn.heinemann-shop.com/images/hce/h02/9330412322846.jpg,Togouchi,Togouchi 9y 40% 0.7L giftpack,0.7 l (€137.00 / 1 l),€95.90
https://cdn.heinemann-shop.com/images/hda/h21/9429307195422.jpg,Akashi,Akashi Meisei Japanese Blended Whisky 40% 0.5L giftpack,0.5 l (€79.80 / 1 l),from €39.90
https://cdn.heinemann-shop.com/images/h76/hf0/9520637542430.jpg,The Nikka,The Nikka Tailored 43% 0.7L giftpack,0.7 l (€185.57 / 1 l),€129.90
https://cdn.heinemann-shop.com/images/hd4/h1d/9460923203614.jpg,Mars Whisky,Mars Kasei Japanese Blended Whisky 40% 0.7L giftpack,0.7 l (€54.14 / 1 l),€37.90
https://cdn.heinemann-shop.com/images/hff/h86/9339609776158.jpg,Kamiki,"Kamiki Intense, Dark Wood Extra Aged, 48% 0.5L GP",0.5 l (€165.80 / 1 l),€82.90
https://cdn.heinemann-shop.com/images/hab/ha3/9339580678174.jpg,Kamiki,Kamiki Blended Malt 48% 0.5L GP,0.5 l (€135.80 / 1 l),€67.90
https://cdn.heinemann-shop.com/images/h3f/haf/9462413262878.jpg,Justerini&Brooks,Justerini&Brooks Rare 40% 1L,1 l (€22.90 / 1 l),from €22.90
https://cdn.heinemann-shop.com/images/hc5/hb9/9380952473630.jpg,The Famous Grouse,The Famous Grouse 40% 0.5L Flask PET,0.5 l (€23.00 / 1 l),from €11.50
https://cdn.heinemann-shop.com/images/h0a/h72/9462422896670.jpg,Johnnie Walker,"Johnnie Walker Red Label, 40% 0.5L PET",0.5 l (€27.40 / 1 l),from €13.70
https://cdn.heinemann-shop.com/images/hae/hb0/9380754227230.jpg,Grant's,Grant's Family Reserve 43% 0.5L PET,0.5 l (€19.80 / 1 l),from €9.90
https://cdn.heinemann-shop.com/images/h95/h97/9329122967582.jpg,Johnnie Walker,Johnnie Walker Double Black 40% 1L,1 l (€49.90 / 1 l),from €49.90
https://cdn.heinemann-shop.com/images/h62/hdf/9221512724510.jpg,Lauder's,Lauder's Finest Blended Scotch Whisky 43% 0.5L PET,0.5 l (€17.80 / 1 l),€8.90
https://cdn.heinemann-shop.com/images/hef/hf7/9462439477278.jpg,Justerini&Brooks,Justerini&Brooks Rare 40% 2x1L,2 l (€22.95 / 1 l),from €45.90
https://cdn.heinemann-shop.com/images/hae/hf1/9494636691486.jpg,Johnnie Walker,Johnnie Walker Blue Label 40% 0.7L,0.7 l (€285.57 / 1 l),from €199.90
https://cdn.heinemann-shop.com/images/hdb/h95/9462877093918.jpg,Royal Salute,Royal Salute 21 year old 40% 0.7L giftpack,0.7 l (€204.14 / 1 l),from €142.90
https://cdn.heinemann-shop.com/images/ha0/h70/9462364602398.jpg,Johnnie Walker,Johnnie Walker Red Label 40% 1L,1 l (€23.50 / 1 l),from €23.50
https://cdn.heinemann-shop.com/images/ha2/h3a/9380981866526.jpg,The Famous Grouse,The Famous Grouse 40% 1L,1 l (€14.90 / 1 l),from €14.90
https://cdn.heinemann-shop.com/images/h88/h19/9331367542814.jpg,Teacher's,Teacher's Highland Cream 40% 1L,1 l (€15.90 / 1 l),from €15.90
https://cdn.heinemann-shop.com/images/hc7/hd0/9462885384222.jpg,Ballantine's,Ballantine's 12 Year Old 40% 1L,1 l (€40.90 / 1 l),from €40.90
https://cdn.heinemann-shop.com/images/hb6/hc3/9409888780318.jpg,Johnnie Walker,"Johnnie Walker Black Label, giftbox 12y 40% 1L",1 l (€40.90 / 1 l),from €40.90
https://cdn.heinemann-shop.com/images/hc9/h52/9330278432798.jpg,Chivas,Chivas Regal 12 years old 40% 0.2L,0.2 l (€86.50 / 1 l),€17.30
https://cdn.heinemann-shop.com/images/he4/h0b/9380843978782.jpg,Johnnie Walker,Johnnie Walker Blue Label 40% 1L,1 l (€249.90 / 1 l),€249.90
https://cdn.heinemann-shop.com/images/hbd/h48/9462432759838.jpg,Johnnie Walker,Johnnie Walker Black Label Twinpack 12y 40% 2x1L,2 l (€34.25 / 1 l),from €68.50
https://cdn.heinemann-shop.com/images/h25/h5c/9462445703198.jpg,Johnnie Walker,Johnnie Walker Red Label Twinpack 40% 2x1L,2 l (€18.45 / 1 l),from €36.90
https://cdn.heinemann-shop.com/images/h9e/h2e/9330476220446.jpg,Johnnie Walker,Johnnie Walker Gold Label Reserve. 40% 1L,1 l (€63.90 / 1 l),from €63.90
https://cdn.heinemann-shop.com/images/h3d/hb6/9462871883806.jpg,Chivas,Chivas Brothers' Blend 12 years old 40% 1L,1 l (€51.50 / 1 l),from €51.50
https://cdn.heinemann-shop.com/images/hd8/hdc/9488605315102.jpg,Ballantine's,Ballantine's 30 Year Old 40% 0.7L,0.7 l (€514.14 / 1 l),from €359.90
https://cdn.heinemann-shop.com/images/h04/h0d/9462353526814.jpg,Ballantine's,Ballantine's 21 Year Old 40% 0.7L,0.7 l (€202.71 / 1 l),from €141.90
https://cdn.heinemann-shop.com/images/hd9/h03/9221630656542.jpg,The Famous Grouse,The Famous Grouse Smoky Black 40% 1L,1 l (€22.50 / 1 l),from €22.50
https://cdn.heinemann-shop.com/images/h1a/h3a/9462411427870.jpg,Johnnie Walker,Johnnie Walker Black Label 40% 0.5L,0.5 l (€43.80 / 1 l),from €21.90
https://cdn.heinemann-shop.com/images/hb9/h97/8856201461790.jpg,Chivas,Chivas Regal 25 years old 40% 0.7L,0.7 l (€437.00 / 1 l),from €305.90
https://cdn.heinemann-shop.com/images/h86/hed/9462866542622.jpg,Dewar's,Dewar's White Label 40% 1L,1 l (€17.30 / 1 l),from €17.30
https://cdn.heinemann-shop.com/images/h93/h49/9462897901598.jpg,Dewar's,Dewar's Special Reserve 12y 40% 1L,1 l (€34.90 / 1 l),from €34.90
https://cdn.heinemann-shop.com/images/hdc/hde/9462886531102.jpg,Chivas,Chivas Regal 18 years old 40% 1L,1 l (€91.90 / 1 l),from €91.90
https://cdn.heinemann-shop.com/images/ha7/h86/9462899507230.jpg,Chivas,Chivas Regal Extra 40% 1L,1 l (€55.90 / 1 l),from €55.90
https://cdn.heinemann-shop.com/images/he7/h4e/9462898589726.jpg,Ballantine's,Ballantine's Barrel Smooth 40% 1L,1 l (€25.90 / 1 l),from €25.90
https://cdn.heinemann-shop.com/images/hfc/hd1/9462877388830.jpg,Chivas,Chivas Regal Ultis 40% 0.7L,0.7 l (€268.43 / 1 l),from €187.90
https://cdn.heinemann-shop.com/images/hbb/h59/9340258549790.jpg,Johnnie Walker,Johnnie Walker 18 Years Old 40% 1L gift box,1 l (€109.90 / 1 l),from €109.90
https://cdn.heinemann-shop.com/images/h0f/h2e/9378816753694.jpg,Chivas,Chivas Regal Mizunara 40% 0.7L giftpack,0.7 l (€68.43 / 1 l),from €47.90
https://cdn.heinemann-shop.com/images/ha0/h56/9462878273566.jpg,Chivas,Chivas Regal XV 15 years old 40% 1L,1 l (€68.90 / 1 l),from €68.90
https://cdn.heinemann-shop.com/images/h13/h54/9515452497950.jpg,Ballantine's,Ballantine's Finest 40% 1L,1 l (€19.90 / 1 l),from €19.90
https://cdn.heinemann-shop.com/images/h1d/he2/9462887677982.jpg,Chivas,Chivas Regal 12 years old 40% 1L,1 l (€26.90 / 1 l),from €26.90
https://cdn.heinemann-shop.com/images/hbc/hc4/9368256118814.jpg,Grant's,Grant's Triple Wood 40% 2x1L,2 l (€14.25 / 1 l),from €28.50
https://cdn.heinemann-shop.com/images/hd9/h83/9462873096222.jpg,Chivas,Chivas Regal 12 years old 40% 0.5L PET,0.5 l (€45.00 / 1 l),from €22.50
https://cdn.heinemann-shop.com/images/hdf/h98/9380672012318.jpg,Grant's,Grant's Triple Wood 43% 1L,1 l (€16.90 / 1 l),from €16.90
https://cdn.heinemann-shop.com/images/h85/h02/9462900555806.jpg,Chivas,Chivas Regal 12 years old 40% 2x1L Twinpack,2 l (€26.95 / 1 l),from €53.90
https://cdn.heinemann-shop.com/images/hb1/he6/9462901243934.jpg,Ballantine's,Ballantine's Finest 40% 0.5L PET,0.5 l (€24.60 / 1 l),from €12.30
https://cdn.heinemann-shop.com/images/h0b/h3c/9374182440990.jpg,Lauder's,Lauder's Finest Scotch Whisky 43% 1L,1 l (€15.90 / 1 l),€15.90
https://cdn.heinemann-shop.com/images/hd2/h99/9329172774942.jpg,Royal Park,"Royal Park, Fine Blended Scotch Whisky 40% 1L",1 l (€12.90 / 1 l),from €12.90
https://cdn.heinemann-shop.com/images/h80/hbf/9221521014814.jpg,The Famous Grouse,The Famous Grouse Twinpack 40% 2x1L,2 l (€16.25 / 1 l),from €32.50
https://cdn.heinemann-shop.com/images/hbe/h7e/9221854461982.jpg,The Famous Grouse,The Black Grouse Alpha Edition 40% 0.7L,0.7 l (€51.29 / 1 l),€35.90
https://cdn.heinemann-shop.com/images/h0a/hdd/9462893084702.jpg,Ballantine's,Ballantine's 17 Year Old 40% 0.7L,0.7 l (€114.14 / 1 l),from €79.90
https://cdn.heinemann-shop.com/images/h72/h76/9462362308638.jpg,Ballantine's,Ballantine's Finest 40% 0.5L,0.5 l (€24.60 / 1 l),from €12.30
https://cdn.heinemann-shop.com/images/he4/hbb/9462897213470.jpg,Ballantine's,Ballantine's Finest 40% 2x1L Twin Pack,2 l (€16.95 / 1 l),from €33.90
https://cdn.heinemann-shop.com/images/hec/hd3/9462436102174.jpg,Ballantine's,Ballantine's Finest 40% 3L,3 l (€20.63 / 1 l),€61.90
https://cdn.heinemann-shop.com/images/h09/hcb/9379445997598.jpg,Bruichladdich,Octomore 10.2 56.9% 0.7L Tin,0.7 l (€237.00 / 1 l),from €165.90
https://cdn.heinemann-shop.com/images/hdb/h44/9462888890398.jpg,Ballantine's,Ballantines 23yo American Oak Cask 40% 0.7L giftpack,0.7 l (€242.71 / 1 l),from €169.90
https://cdn.heinemann-shop.com/images/h53/h6e/9428387495966.jpg,John Barr,"John Barr Black Reserve Blend, Blended Scotch Whisky, Vol. 40%, 1L",1 l (€18.90 / 1 l),from €18.90
https://cdn.heinemann-shop.com/images/h0e/h02/9462886989854.jpg,Royal Salute,Royal Salute 21 yo Lost blend 40% 0.7L,0.7 l (€254.14 / 1 l),from €177.90
https://cdn.heinemann-shop.com/images/hf9/h15/9462425878558.jpg,Johnnie Walker,The John Walker 40% 0.7L,"0.7 l (€4,928.43 / 1 l)","€3,449.90"
https://cdn.heinemann-shop.com/images/h1a/h45/9462891479070.jpg,Royal Salute,Royal Salute 62 Gun Salute 43% 1L,"1 l (€3,799.90 / 1 l)","from €3,799.90"
https://cdn.heinemann-shop.com/images/h37/h21/9221956108318.jpg,Upper Ten,Upper Ten 40% 1L*,1 l (€16.50 / 1 l),€16.50
https://cdn.heinemann-shop.com/images/hff/h88/9340703014942.jpg,Grant's,Grant's Family Res. 43% 0.2L,0.2 l (€36.50 / 1 l),€7.30
https://cdn.heinemann-shop.com/images/h12/he1/9462444097566.jpg,Dimple,Dimple 15y 43% 1L,1 l (€39.90 / 1 l),€39.90
https://cdn.heinemann-shop.com/images/h16/h96/9462402875422.jpg,Johnnie Walker,Johnnie Walker Swing 40% 0.7L,0.7 l (€92.71 / 1 l),€64.90
https://cdn.heinemann-shop.com/images/h46/hea/9462438559774.jpg,Johnnie Walker,"Johnnie Walker Collection Pack 4 x 0.2L (Johnnie Walker Black Label, Johnnie Walker Gold Reserve, Johnnie Walker Platinum, Johnnie Walker Blue Label)",0.8 l (€174.88 / 1 l),from €139.90
https://cdn.heinemann-shop.com/images/hac/h90/9221918031902.jpg,Chivas,"Chivas Brother's Blend 40% 0.2L, Giftpack",0.2 l (€81.50 / 1 l),€16.30
https://cdn.heinemann-shop.com/images/h43/hc5/9462428631070.jpg,Johnnie Walker,Johnnie Walker Blue Label 40% 0.2L,0.2 l (€414.50 / 1 l),from €82.90
https://cdn.heinemann-shop.com/images/h65/ha0/9462436560926.jpg,Johnnie Walker,"Johnnie Walker XR 21 40% 1L, giftbox",1 l (€195.90 / 1 l),from €195.90
https://cdn.heinemann-shop.com/images/h4d/h5e/9462439018526.jpg,Chivas,Chivas Regal 12y 40% 4.5L with cradle,4.5 l (€41.76 / 1 l),from €187.90
https://cdn.heinemann-shop.com/images/h5e/hb3/9462870736926.jpg,Chivas,Chivas Regal The Icon 43% 0.7L,"0.7 l (€5,071.29 / 1 l)","€3,549.90"
https://cdn.heinemann-shop.com/images/hbe/h85/9462403563550.jpg,Chivas,Chivas Regal 12y 40% 0.7L,0.7 l (€52.71 / 1 l),€36.90
https://cdn.heinemann-shop.com/images/h95/h1f/9380946149406.jpg,Sir Edward's,Sir Edward's Finest Scotch Whisky 40% 2L PET,2 l (€11.25 / 1 l),€22.50
https://cdn.heinemann-shop.com/images/hb1/hc6/9378731065374.jpg,King Robert II,King Robert II 43% 1.5L,1.5 l (€11.00 / 1 l),€16.50
https://cdn.heinemann-shop.com/images/h3e/he3/9339070021662.jpg,Macleod's,Macleod's Six 40% 6x0.05L giftpack,0.3 l (€109.67 / 1 l),€32.90
https://cdn.heinemann-shop.com/images/he8/hf4/9221822677022.jpg,Lauder's,"Lauder's 15 years old 40% 1L, Giftpack",1 l (€47.90 / 1 l),€47.90
https://cdn.heinemann-shop.com/images/hfe/h83/9491025002526.jpg,Glenfiddich,Glenfiddich Grand Cru 43% 0.7L GP,0.7 l (€321.29 / 1 l),from €224.90
https://cdn.heinemann-shop.com/images/h4a/h56/9462882172958.jpg,Royal Salute,"Royal Salute 21 years, Limited Snow Polo Edition, 46.5% 0.7L giftpack",0.7 l (€214.14 / 1 l),from €149.90
https://cdn.heinemann-shop.com/images/hab/he5/9462430007326.jpg,Johnnie Walker,"Johnnie Walker Black Label, Speyside Origin Blended Scotch Whisky, 42% 1L giftpack",1 l (€44.90 / 1 l),€44.90
https://cdn.heinemann-shop.com/images/h2d/h85/9332395016222.jpg,Naked Grouse,The Famous Grouse Naked Grouse Blended Scotch 40% 1L,1 l (€35.90 / 1 l),€35.90
https://cdn.heinemann-shop.com/images/hbb/h68/9329351163934.jpg,Bruichladdich,Bruichladdich 1990 49.5% 0.7L,0.7 l (€571.29 / 1 l),from €399.90
https://cdn.heinemann-shop.com/images/h25/he8/9221857476638.jpg,The Famous Grouse,The Famous Grouse Toasted 40% 1L GP,1 l (€23.50 / 1 l),from €23.50
https://cdn.heinemann-shop.com/images/h00/h45/9521443733534.jpg,The Famous Grouse,The Famous Grouse Bourbon Cask 40% 1L,1 l (€23.50 / 1 l),from €23.50
https://cdn.heinemann-shop.com/images/h56/h84/9521456087070.jpg,The Famous Grouse,The Famous Grouse Ruby Cask 40% 1L,1 l (€23.50 / 1 l),from €23.50
https://cdn.heinemann-shop.com/images/hfc/hcd/9379430596638.jpg,Bruichladdich,Bruichladdich Port Charlotte Marsala 56.3% 0.7L GP,0.7 l (€157.00 / 1 l),from €109.90
https://cdn.heinemann-shop.com/images/h8b/h20/9300599111710.jpg,Tamnavulin,"Tamnavulin Tempranillo Cask Edition, Blended Scotch Whisky, Vol. 40%, 1 Liter",1 l (€44.90 / 1 l),€44.90
https://cdn.heinemann-shop.com/images/h6f/h4d/9028016930846.jpg,Grant's,Grant's Rum Cask Finish 40% 1L GP,1 l (€21.50 / 1 l),€21.50
https://cdn.heinemann-shop.com/images/h1f/h27/9028170481694.jpg,Grant's,Grant's Triple Wood Smoky 40% 1L,1 l (€19.90 / 1 l),€19.90
https://cdn.heinemann-shop.com/images/h13/h4f/9429289926686.jpg,Tomatin,Tomatin 21 Years Old 46% 0.7L,0.7 l (€237.00 / 1 l),€165.90
Image is missing,Dalmore,The Dalmore Quartet 41.5% 1L,1 l (€98.90 / 1 l),from €98.90
Image is missing,Dalmore,The Dalmore Trio 40% 1L,1 l (€81.90 / 1 l),from €81.90
https://cdn.heinemann-shop.com/images/h1d/hc5/9429288026142.jpg,Grant's,Grants 8YO Sherry Cask 40% 1L GP,1 l (€21.90 / 1 l),€21.90
https://cdn.heinemann-shop.com/images/hbb/h4a/9329293656094.jpg,Ardbeg,Ardbeg 10YO 1L,1 l (€56.90 / 1 l),from €56.90
https://cdn.heinemann-shop.com/images/h0c/h6d/9221521768478.jpg,Glenmorangie,"Glenmorangie Signet 0.7L, Giftpack",0.7 l (€228.43 / 1 l),from €159.90
https://cdn.heinemann-shop.com/images/h32/h79/9378508210206.jpg,Mackinlay's,Mackinlay's 47.3% 0.7L Giftpack,0.7 l (€199.86 / 1 l),€139.90
https://cdn.heinemann-shop.com/images/hf4/h13/9477394956318.jpg,Glenfiddich,Glenfiddich Reserve Cask 40% 1L Tube,1 l (€60.90 / 1 l),from €60.90
https://cdn.heinemann-shop.com/images/h8e/h57/9462354673694.jpg,Talisker,Talisker Dark Storm 45.8% 1L,1 l (€77.90 / 1 l),from €77.90
https://cdn.heinemann-shop.com/images/h38/h7a/9221704384542.jpg,Glenfarclas,Glenfarclas 18y 43% 1L,1 l (€112.90 / 1 l),from €112.90
https://cdn.heinemann-shop.com/images/h47/h89/9462900097054.jpg,Glen Deveron,Glen Deveron 16y 40% 1L,1 l (€59.90 / 1 l),from €59.90
https://cdn.heinemann-shop.com/images/h62/hfe/9462901014558.jpg,The Glenlivet,The Glenlivet Nadurra Oloroso 48% 1L Giftpack,1 l (€69.90 / 1 l),from €69.90
https://cdn.heinemann-shop.com/images/h07/h40/9221864259614.jpg,Braunstein,Braunstein Danica Whisky 42% 0.5L,0.5 l (€119.80 / 1 l),€59.90
https://cdn.heinemann-shop.com/images/hef/ha4/9221871042590.jpg,Braunstein,Braunstein Danica Peated Whisky 42% 0.5L,0.5 l (€119.80 / 1 l),€59.90
https://cdn.heinemann-shop.com/images/h8b/h78/9462898130974.jpg,Dewar's,"Dewar's 15y 40% 1L, giftbox",1 l (€43.50 / 1 l),from €43.50
https://cdn.heinemann-shop.com/images/hdf/h86/9462351462430.jpg,Mortlach,Mortlach Special Strength 49% 0.5L,0.5 l (€245.80 / 1 l),€122.90
https://cdn.heinemann-shop.com/images/hb6/h9b/9462875029534.jpg,Aberfeldy,Aberfeldy 12y 40% 1L,1 l (€55.90 / 1 l),from €55.90
https://cdn.heinemann-shop.com/images/h10/h77/9462445932574.jpg,The Glenlivet,"The Glenlivet Nàdurra, Peated Whisky Cask Finish 48% 1L",1 l (€76.90 / 1 l),€76.90
https://cdn.heinemann-shop.com/images/h2f/h06/9378932555806.jpg,Macallan,Macallan Rare Cask Black 48% 0.7L,0.7 l (€657.00 / 1 l),from €459.90
https://cdn.heinemann-shop.com/images/hed/h37/9462361096222.jpg,The Singleton,The Singleton of Glendullan Classic 40% 1L,1 l (€54.90 / 1 l),from €54.90
https://cdn.heinemann-shop.com/images/hbf/h60/9221380210718.jpg,Ardmore,The Ardmore Traditional Peated 40% 1L,1 l (€37.90 / 1 l),€37.90
https://cdn.heinemann-shop.com/images/hcd/h24/9221646647326.jpg,Scapa,"Scapa Skiren, Single Malt Scotch Whisky, Giftpack 40% 0.7L",0.7 l (€69.86 / 1 l),from €48.90
https://cdn.heinemann-shop.com/images/he6/h77/9377668464670.jpg,Dalmore,Dalmore Luceo Highland Single Malt Scotch Whisky 40% 0.7L,0.7 l (€142.71 / 1 l),€99.90
https://cdn.heinemann-shop.com/images/h43/h0c/9329683693598.jpg,Dalmore,Dalmore Regalis Highland Single Malt Scotch Whisky 40% 1L,1 l (€86.90 / 1 l),from €86.90
https://cdn.heinemann-shop.com/images/h1c/h44/9338009190430.jpg,Johnnie Walker,"Johnnie Walker Island Green 43% 1L, Giftpack",1 l (€59.90 / 1 l),from €59.90
https://cdn.heinemann-shop.com/images/h3c/hc7/9330527010846.jpg,Bowmore,Bowmore 18yo 43% 0.7L,0.7 l (€142.71 / 1 l),from €99.90
https://cdn.heinemann-shop.com/images/hc7/h87/9329004740638.jpg,Shackleton,"Shackleton Blended Malt Whisky 40% 1L, giftbox",1 l (€39.90 / 1 l),from €39.90
https://cdn.heinemann-shop.com/images/h07/hb1/9330696126494.jpg,The Glenlivet,The Glenlivet 12y 40% 1L,1 l (€59.90 / 1 l),from €59.90
https://cdn.heinemann-shop.com/images/h54/h55/9462869819422.jpg,The Glenlivet,The Glenlivet 21y Archive 43% 0.7L,0.7 l (€322.71 / 1 l),from €225.90
https://cdn.heinemann-shop.com/images/h61/h52/9380960469022.jpg,Macallan,Macallan Oscuro 46.5% 0.7L Giftpack,"0.7 l (€1,828.43 / 1 l)","from €1,279.90"
https://cdn.heinemann-shop.com/images/hc4/hd3/9221451317278.jpg,Glenrothes,The Glenrothes Robur Reserve 40% 1L,1 l (€64.90 / 1 l),€64.90
https://cdn.heinemann-shop.com/images/h6e/h26/9462398976030.jpg,Dalwhinnie,"Dalwhinnie Highland Malt,15y 43% 1L",1 l (€66.90 / 1 l),from €66.90
https://cdn.heinemann-shop.com/images/hf0/hb0/9462891708446.jpg,The Glenlivet,The Glenlivet 25y 43% 0.7L,0.7 l (€565.57 / 1 l),€395.90
https://cdn.heinemann-shop.com/images/hb7/h90/9462445244446.jpg,Talisker,"Talisker Skye 45.8% 1L, gift pack",1 l (€58.90 / 1 l),from €58.90
https://cdn.heinemann-shop.com/images/hc2/hbe/9462898360350.jpg,The Glenlivet,The Glenlivet Triple Cask Matured White Oak Reserve 40% 1L,1 l (€71.90 / 1 l),from €71.90
https://cdn.heinemann-shop.com/images/h7f/h3a/9206230745118.jpg,The Glenlivet,The Glenlivet Triple Cask Matured Rare Cask 40% 1L gift box,1 l (€117.90 / 1 l),€117.90
https://cdn.heinemann-shop.com/images/h88/h7f/9373448011806.jpg,Glen Grant,Glen Grant 12years 48% 1L Giftpack,1 l (€49.90 / 1 l),from €49.90
https://cdn.heinemann-shop.com/images/hfb/h68/9373456924702.jpg,BenRiach,BenRiach Quarter Cask Peated 46% 0.7L GP,0.7 l (€84.14 / 1 l),from €58.90
https://cdn.heinemann-shop.com/images/h21/hd7/9373456695326.jpg,BenRiach,BenRiach Quarter Cask Classic 46% 0.7L GP,0.7 l (€84.14 / 1 l),from €58.90
https://cdn.heinemann-shop.com/images/h69/h36/9221697536030.jpg,Glenmorangie,"Glenmorangie 19 years 43% 0.7L, Giftpack",0.7 l (€185.57 / 1 l),from €129.90
https://cdn.heinemann-shop.com/images/hb8/hfc/9379233300510.jpg,Ballantine's,Ballantine's The Miltonduff 15yo 40% 0.7L tube,0.7 l (€82.71 / 1 l),from €57.90
https://cdn.heinemann-shop.com/images/h4f/h18/9462892625950.jpg,Aberlour,Aberlour 12 yo Double Cask 40% 1L,1 l (€63.90 / 1 l),from €63.90
https://cdn.heinemann-shop.com/images/hdd/h6b/9379161636894.jpg,Macallan,"Macallan Terra 43.8% 0.7L, giftpack",0.7 l (€264.14 / 1 l),from €184.90
https://cdn.heinemann-shop.com/images/h1a/h72/9462879191070.jpg,Scapa,Scapa Glansa 40% 0.7L,0.7 l (€74.14 / 1 l),€51.90
https://cdn.heinemann-shop.com/images/ha4/h27/9379171991582.jpg,Macallan,"Macallan Enigma 44.9% 0.7L, giftpack",0.7 l (€414.14 / 1 l),from €289.90
https://cdn.heinemann-shop.com/images/h02/h5c/9379152592926.jpg,Macallan,"Macallan Lumina 41.3% 0.7L, giftpack",0.7 l (€147.00 / 1 l),from €102.90
https://cdn.heinemann-shop.com/images/h23/h83/9331400802334.jpg,Tomatin,Tomatin 15yo 40% 0.7L giftbox,0.7 l (€79.86 / 1 l),€55.90
https://cdn.heinemann-shop.com/images/h11/hb1/9221783355422.jpg,Jura,Jura The Loch 44.5% 0.7L GP,0.7 l (€121.29 / 1 l),from €84.90
https://cdn.heinemann-shop.com/images/h8f/h08/9462350250014.jpg,Aberlour,Aberlour Casg Annamh 48% 1L,1 l (€77.90 / 1 l),from €77.90
https://cdn.heinemann-shop.com/images/hcd/h84/9462889349150.jpg,Aberfeldy,Aberfeldy 16 y Madeira Casks Single Malt Scotch Whisky 40% 1L giftpack,1 l (€98.90 / 1 l),from €98.90
https://cdn.heinemann-shop.com/images/h3f/hf2/9508154310686.jpg,Caperdonich,Caperdonich 21yo Peated Speyside Single Malt Scotch Whisky 48% 0.7L giftbox,0.7 l (€371.29 / 1 l),€259.90
https://cdn.heinemann-shop.com/images/h27/he1/9488601350174.jpg,Glen Keith,"Glen Keith, 25yo Speyside Single Malt Scotch Whisky 43% 0.7L giftbox",0.7 l (€485.57 / 1 l),€339.90
https://cdn.heinemann-shop.com/images/h23/hac/9491020120094.jpg,Laphroaig,Laphroaig 25YO Bessie Williams 2019 43% 0.7L,0.7 l (€642.71 / 1 l),€449.90
https://cdn.heinemann-shop.com/images/hc1/h05/9256553218078.jpg,Auchentoshan,Auchentoshan American Oak 40% 1L,1 l (€37.90 / 1 l),€37.90
https://cdn.heinemann-shop.com/images/h87/hb1/9330580586526.jpg,Auchentoshan,Auchentoshan Dark Oak 43% 1L,1 l (€55.90 / 1 l),€55.90
https://cdn.heinemann-shop.com/images/h8f/h88/9329359978526.jpg,Aberfeldy,"Aberfeldy 15YO Sherry Finish Exceptional Cask 43% 0,7L",0.7 l (€135.57 / 1 l),from €94.90
https://cdn.heinemann-shop.com/images/h52/ha1/9381004476446.jpg,Glenmorangie,"Glenmorangie Original 1L, Giftpack",1 l (€49.90 / 1 l),from €49.90
https://cdn.heinemann-shop.com/images/h7b/h56/9380584325150.jpg,Macallan,Macallan Concept 2 40% 0.7L GP,0.7 l (€192.71 / 1 l),from €134.90
https://cdn.heinemann-shop.com/images/h9b/h93/9429281636382.jpg,Kavalan,Kavalan Concertmaster Port Cask Finish Taiwanese Single Malt Whisky 40% 1L giftpack,1 l (€65.90 / 1 l),€65.90
https://cdn.heinemann-shop.com/images/h53/hb9/9378681389086.jpg,Highland Park,Highland Park Bear 40% 1L GP,1 l (€49.90 / 1 l),from €49.90
https://cdn.heinemann-shop.com/images/h4c/hd5/9378689220638.jpg,Highland Park,Highland Park Wolf 42.3% 1L GP,1 l (€66.90 / 1 l),from €66.90
https://cdn.heinemann-shop.com/images/hff/hdc/9378674835486.jpg,Highland Park,Highland Park Wolf 42.3% 0.35L GP,0.35 l (€79.71 / 1 l),€27.90
https://cdn.heinemann-shop.com/images/h6a/hc0/9378667757598.jpg,Highland Park,Highland Park 18y 46% 0.7L GP,0.7 l (€197.00 / 1 l),from €137.90
https://cdn.heinemann-shop.com/images/had/h48/9378697674782.jpg,Highland Park,Highland Park 16 year old Wings of the Eagle 44.5% 0.7L,0.7 l (€128.43 / 1 l),from €89.90
https://cdn.heinemann-shop.com/images/h5d/h77/9330995593246.jpg,Smokehead,Smokehead Extra Rare 40% 1L Tin,1 l (€49.90 / 1 l),€49.90
https://cdn.heinemann-shop.com/images/hf9/h33/9330688032798.jpg,Talon's Select,Talon's Select Blended Malt Scotch Whisky 40% 1L,1 l (€29.90 / 1 l),from €29.90
https://cdn.heinemann-shop.com/images/h1e/h34/9423000141854.jpg,Glen Grant,Glen Grant Cask Haven 46% 1L,1 l (€55.90 / 1 l),from €55.90
https://cdn.heinemann-shop.com/images/h02/haf/9491714670622.jpg,Glenfiddich,Glenfiddich 18 yo 40% 0.7L GP,0.7 l (€99.86 / 1 l),from €69.90
https://cdn.heinemann-shop.com/images/h68/hed/9379027091486.jpg,Glenfiddich,Glenfid 25yo 43% 0.7L,0.7 l (€528.43 / 1 l),from €369.90
https://cdn.heinemann-shop.com/images/h7d/h27/9476233003038.jpg,Glenfiddich,Glenfiddich Select Cask 40% 0.5L Tube,0.5 l (€53.00 / 1 l),from €26.50
https://cdn.heinemann-shop.com/images/hdd/hd0/9327934799902.jpg,Glenfiddich,Glenfiddich Select Cask 40% 2x1L Twinpack,2 l (€40.95 / 1 l),from €81.90
https://cdn.heinemann-shop.com/images/h4e/h3c/9380776738846.jpg,Monkey Shoulder,Monkey Shoulder 40% 1L,1 l (€38.90 / 1 l),from €38.90
https://cdn.heinemann-shop.com/images/h18/hb8/9221914263582.jpg,Ardbeg,Ardbeg Corryvreckan 70cl,0.7 l (€98.43 / 1 l),from €68.90
https://cdn.heinemann-shop.com/images/h56/hdb/9378667986974.jpg,Balvenie,Balvenie Triple Cask 12y 40% 1L,1 l (€69.90 / 1 l),from €69.90
https://cdn.heinemann-shop.com/images/h6d/hbd/9379399630878.jpg,Laphroaig,Laphroaig 1815 Edition 48% 0.7L GP,0.7 l (€151.29 / 1 l),from €105.90
https://cdn.heinemann-shop.com/images/h51/he9/9379452846110.jpg,Laphroaig,"Laphroaig Four Oak 40% 1L, Giftpack",1 l (€59.90 / 1 l),from €59.90
https://cdn.heinemann-shop.com/images/hd3/h0f/9221950767134.jpg,The Glenlivet,The Glenlivet Nàdurra First Fill 48% 1L,1 l (€69.90 / 1 l),€69.90
https://cdn.heinemann-shop.com/images/h55/h07/9328044081182.jpg,Dalmore,Dalmore Valour 40% 1L,1 l (€72.90 / 1 l),from €72.90
https://cdn.heinemann-shop.com/images/h74/hd6/9330783453214.jpg,Glen Grant,Glen Grant 10 Year Old 40% 1L,1 l (€37.90 / 1 l),from €37.90
https://cdn.heinemann-shop.com/images/hce/h9e/9379456352286.jpg,Jura,Jura The Road 43.6 % 1L GP,1 l (€52.90 / 1 l),from €52.90
https://cdn.heinemann-shop.com/images/h7f/h21/9378566963230.jpg,Bowmore,Bowmore 15yo 43% 1L Giftbox,1 l (€66.90 / 1 l),from €66.90
https://cdn.heinemann-shop.com/images/haf/h50/9379143254046.jpg,Macallan,"Macallan Quest 40% 1L, giftpack",1 l (€76.90 / 1 l),from €76.90
https://cdn.heinemann-shop.com/images/hb5/h36/9221489983518.jpg,Glen Grant,"Glen Grant 18 years old 43% 1L, Giftpack",1 l (€112.90 / 1 l),from €112.90
https://cdn.heinemann-shop.com/images/hdf/h0c/9379441508382.jpg,Jura,Jura The Sound 42.5% 1L GP,1 l (€39.90 / 1 l),from €39.90
https://cdn.heinemann-shop.com/images/h29/h58/9329135091742.jpg,GlenDronach,The GlenDronach Forgue 10yo Highland Single Malt Scotch Whisky 43% 1L Tube,1 l (€65.90 / 1 l),€65.90
https://cdn.heinemann-shop.com/images/h10/h6f/9221828771870.jpg,Glenfarclas,Glenfarclas 12y 43% 1L,1 l (€49.90 / 1 l),from €49.90
https://cdn.heinemann-shop.com/images/h56/hda/9477394726942.jpg,Glenfiddich,Glenfiddich Select Cask 40% 1L Tube,1 l (€48.90 / 1 l),from €48.90
https://cdn.heinemann-shop.com/images/h17/h1b/9379076735006.jpg,Glenfiddich,"Glenfiddich Vintage Cask 40% 0.7L, Giftbox",0.7 l (€151.29 / 1 l),from €105.90
https://cdn.heinemann-shop.com/images/he5/h9f/9380985012254.jpg,Laphroaig,Laphroaig Px Cask 48% 1L,1 l (€87.90 / 1 l),from €87.90
https://cdn.heinemann-shop.com/images/h26/hf3/9221833293854.jpg,Glenfarclas,Glenfarclas 105 60% 1L Tube,1 l (€55.90 / 1 l),from €55.90
https://cdn.heinemann-shop.com/images/ha5/hd2/9354468687902.jpg,Glengoyne,Glengoyne Balbaína European Oloroso Sherry Casks 43% 1L giftpack,1 l (€65.90 / 1 l),€65.90
https://cdn.heinemann-shop.com/images/h0f/h93/9462880337950.jpg,The Glenlivet,The Glenlivet Triple Cask Matured Distillers Reserve 40% 1L,1 l (€36.90 / 1 l),from €36.90
https://cdn.heinemann-shop.com/images/h2c/h0d/9426986991646.jpg,Bowmore,Bowmore 10yo 40% 1L,1 l (€35.90 / 1 l),from €35.90
https://cdn.heinemann-shop.com/images/ha9/h5b/9221432410142.jpg,Glenfarclas,Glenfarclas 25y 43% 0.7L,0.7 l (€371.29 / 1 l),€259.90
https://cdn.heinemann-shop.com/images/h90/h4b/9462428172318.jpg,Cragganmore,Cragganmore Speyside Malt 12y 40% 1L,1 l (€59.90 / 1 l),€59.90
https://cdn.heinemann-shop.com/images/h78/h3f/9462424961054.jpg,Caol Ila,"Caol Ila, Islay Single Malt Whisky, 12y 43% 1L",1 l (€68.90 / 1 l),from €68.90
https://cdn.heinemann-shop.com/images/hfe/h50/9221877825566.jpg,Balvenie,Balvenie 30y 47.3% 0.7L,"0.7 l (€1,428.43 / 1 l)",from €999.90
https://cdn.heinemann-shop.com/images/h46/h03/9329564418078.jpg,Ardbeg,"Ardbeg Ulgeadail 0.7L, Giftpack",0.7 l (€95.57 / 1 l),from €66.90
https://cdn.heinemann-shop.com/images/hde/h23/9221395349534.jpg,Glen Garioch,Glen Garioch 12y 48% 1L,1 l (€54.90 / 1 l),from €54.90
https://cdn.heinemann-shop.com/images/heb/h74/9379166584862.jpg,Balvenie,Balvenie Triple Cask 16y 40% 0.7L,0.7 l (€157.00 / 1 l),from €109.90
https://cdn.heinemann-shop.com/images/h32/h79/9378508210206.jpg,Mackinlay's,Mackinlay's 47.3% 0.7L Giftpack,0.7 l (€199.86 / 1 l),€139.90
https://cdn.heinemann-shop.com/images/hf4/h13/9477394956318.jpg,Glenfiddich,Glenfiddich Reserve Cask 40% 1L Tube,1 l (€60.90 / 1 l),from €60.90
https://cdn.heinemann-shop.com/images/h8e/h57/9462354673694.jpg,Talisker,Talisker Dark Storm 45.8% 1L,1 l (€77.90 / 1 l),from €77.90
https://cdn.heinemann-shop.com/images/h38/h7a/9221704384542.jpg,Glenfarclas,Glenfarclas 18y 43% 1L,1 l (€112.90 / 1 l),from €112.90
https://cdn.heinemann-shop.com/images/h47/h89/9462900097054.jpg,Glen Deveron,Glen Deveron 16y 40% 1L,1 l (€59.90 / 1 l),from €59.90
https://cdn.heinemann-shop.com/images/h62/hfe/9462901014558.jpg,The Glenlivet,The Glenlivet Nadurra Oloroso 48% 1L Giftpack,1 l (€69.90 / 1 l),from €69.90
https://cdn.heinemann-shop.com/images/h07/h40/9221864259614.jpg,Braunstein,Braunstein Danica Whisky 42% 0.5L,0.5 l (€119.80 / 1 l),€59.90
https://cdn.heinemann-shop.com/images/hef/ha4/9221871042590.jpg,Braunstein,Braunstein Danica Peated Whisky 42% 0.5L,0.5 l (€119.80 / 1 l),€59.90
https://cdn.heinemann-shop.com/images/h8b/h78/9462898130974.jpg,Dewar's,"Dewar's 15y 40% 1L, giftbox",1 l (€43.50 / 1 l),from €43.50
https://cdn.heinemann-shop.com/images/hdf/h86/9462351462430.jpg,Mortlach,Mortlach Special Strength 49% 0.5L,0.5 l (€245.80 / 1 l),€122.90
https://cdn.heinemann-shop.com/images/hb7/h90/9462445244446.jpg,Talisker,"Talisker Skye 45.8% 1L, gift pack",1 l (€58.90 / 1 l),from €58.90
https://cdn.heinemann-shop.com/images/hc2/hbe/9462898360350.jpg,The Glenlivet,The Glenlivet Triple Cask Matured White Oak Reserve 40% 1L,1 l (€71.90 / 1 l),from €71.90
https://cdn.heinemann-shop.com/images/h7f/h3a/9206230745118.jpg,The Glenlivet,The Glenlivet Triple Cask Matured Rare Cask 40% 1L gift box,1 l (€117.90 / 1 l),€117.90
https://cdn.heinemann-shop.com/images/hb6/h9b/9462875029534.jpg,Aberfeldy,Aberfeldy 12y 40% 1L,1 l (€55.90 / 1 l),from €55.90
https://cdn.heinemann-shop.com/images/h10/h77/9462445932574.jpg,The Glenlivet,"The Glenlivet Nàdurra, Peated Whisky Cask Finish 48% 1L",1 l (€76.90 / 1 l),€76.90
https://cdn.heinemann-shop.com/images/h2f/h06/9378932555806.jpg,Macallan,Macallan Rare Cask Black 48% 0.7L,0.7 l (€657.00 / 1 l),from €459.90
https://cdn.heinemann-shop.com/images/hed/h37/9462361096222.jpg,The Singleton,The Singleton of Glendullan Classic 40% 1L,1 l (€54.90 / 1 l),from €54.90
https://cdn.heinemann-shop.com/images/hbf/h60/9221380210718.jpg,Ardmore,The Ardmore Traditional Peated 40% 1L,1 l (€37.90 / 1 l),€37.90
https://cdn.heinemann-shop.com/images/hcd/h24/9221646647326.jpg,Scapa,"Scapa Skiren, Single Malt Scotch Whisky, Giftpack 40% 0.7L",0.7 l (€69.86 / 1 l),from €48.90
https://cdn.heinemann-shop.com/images/he6/h77/9377668464670.jpg,Dalmore,Dalmore Luceo Highland Single Malt Scotch Whisky 40% 0.7L,0.7 l (€142.71 / 1 l),€99.90
https://cdn.heinemann-shop.com/images/h43/h0c/9329683693598.jpg,Dalmore,Dalmore Regalis Highland Single Malt Scotch Whisky 40% 1L,1 l (€86.90 / 1 l),from €86.90
https://cdn.heinemann-shop.com/images/h1c/h44/9338009190430.jpg,Johnnie Walker,"Johnnie Walker Island Green 43% 1L, Giftpack",1 l (€59.90 / 1 l),from €59.90
https://cdn.heinemann-shop.com/images/hbb/h4a/9329293656094.jpg,Ardbeg,Ardbeg 10YO 1L,1 l (€56.90 / 1 l),from €56.90
https://cdn.heinemann-shop.com/images/h0c/h6d/9221521768478.jpg,Glenmorangie,"Glenmorangie Signet 0.7L, Giftpack",0.7 l (€228.43 / 1 l),from €159.90
https://cdn.heinemann-shop.com/images/h07/hb1/9330696126494.jpg,The Glenlivet,The Glenlivet 12y 40% 1L,1 l (€59.90 / 1 l),from €59.90
https://cdn.heinemann-shop.com/images/h54/h55/9462869819422.jpg,The Glenlivet,The Glenlivet 21y Archive 43% 0.7L,0.7 l (€322.71 / 1 l),from €225.90
https://cdn.heinemann-shop.com/images/h61/h52/9380960469022.jpg,Macallan,Macallan Oscuro 46.5% 0.7L Giftpack,"0.7 l (€1,828.43 / 1 l)","from €1,279.90"
https://cdn.heinemann-shop.com/images/hc4/hd3/9221451317278.jpg,Glenrothes,The Glenrothes Robur Reserve 40% 1L,1 l (€64.90 / 1 l),€64.90
https://cdn.heinemann-shop.com/images/h6e/h26/9462398976030.jpg,Dalwhinnie,"Dalwhinnie Highland Malt,15y 43% 1L",1 l (€66.90 / 1 l),from €66.90
https://cdn.heinemann-shop.com/images/hf0/hb0/9462891708446.jpg,The Glenlivet,The Glenlivet 25y 43% 0.7L,0.7 l (€565.57 / 1 l),€395.90
https://cdn.heinemann-shop.com/images/h3c/hc7/9330527010846.jpg,Bowmore,Bowmore 18yo 43% 0.7L,0.7 l (€142.71 / 1 l),from €99.90
https://cdn.heinemann-shop.com/images/h88/h7f/9373448011806.jpg,Glen Grant,Glen Grant 12years 48% 1L Giftpack,1 l (€49.90 / 1 l),from €49.90
https://cdn.heinemann-shop.com/images/hfb/h68/9373456924702.jpg,BenRiach,BenRiach Quarter Cask Peated 46% 0.7L GP,0.7 l (€84.14 / 1 l),from €58.90
https://cdn.heinemann-shop.com/images/h21/hd7/9373456695326.jpg,BenRiach,BenRiach Quarter Cask Classic 46% 0.7L GP,0.7 l (€84.14 / 1 l),from €58.90
https://cdn.heinemann-shop.com/images/h69/h36/9221697536030.jpg,Glenmorangie,"Glenmorangie 19 years 43% 0.7L, Giftpack",0.7 l (€185.57 / 1 l),from €129.90
https://cdn.heinemann-shop.com/images/hc7/h87/9329004740638.jpg,Shackleton,"Shackleton Blended Malt Whisky 40% 1L, giftbox",1 l (€39.90 / 1 l),from €39.90
https://cdn.heinemann-shop.com/images/hb8/hfc/9379233300510.jpg,Ballantine's,Ballantine's The Miltonduff 15yo 40% 0.7L tube,0.7 l (€82.71 / 1 l),from €57.90
https://cdn.heinemann-shop.com/images/h4f/h18/9462892625950.jpg,Aberlour,Aberlour 12 yo Double Cask 40% 1L,1 l (€63.90 / 1 l),from €63.90
https://cdn.heinemann-shop.com/images/hdd/h6b/9379161636894.jpg,Macallan,"Macallan Terra 43.8% 0.7L, giftpack",0.7 l (€264.14 / 1 l),from €184.90
https://cdn.heinemann-shop.com/images/h1a/h72/9462879191070.jpg,Scapa,Scapa Glansa 40% 0.7L,0.7 l (€74.14 / 1 l),€51.90
https://cdn.heinemann-shop.com/images/ha4/h27/9379171991582.jpg,Macallan,"Macallan Enigma 44.9% 0.7L, giftpack",0.7 l (€414.14 / 1 l),from €289.90
https://cdn.heinemann-shop.com/images/h02/h5c/9379152592926.jpg,Macallan,"Macallan Lumina 41.3% 0.7L, giftpack",0.7 l (€147.00 / 1 l),from €102.90
https://cdn.heinemann-shop.com/images/h23/h83/9331400802334.jpg,Tomatin,Tomatin 15yo 40% 0.7L giftbox,0.7 l (€79.86 / 1 l),€55.90
https://cdn.heinemann-shop.com/images/h11/hb1/9221783355422.jpg,Jura,Jura The Loch 44.5% 0.7L GP,0.7 l (€121.29 / 1 l),from €84.90
https://cdn.heinemann-shop.com/images/h8f/h08/9462350250014.jpg,Aberlour,Aberlour Casg Annamh 48% 1L,1 l (€77.90 / 1 l),from €77.90
https://cdn.heinemann-shop.com/images/hcd/h84/9462889349150.jpg,Aberfeldy,Aberfeldy 16 y Madeira Casks Single Malt Scotch Whisky 40% 1L giftpack,1 l (€98.90 / 1 l),from €98.90
https://cdn.heinemann-shop.com/images/h53/hb9/9378681389086.jpg,Highland Park,Highland Park Bear 40% 1L GP,1 l (€49.90 / 1 l),from €49.90
https://cdn.heinemann-shop.com/images/h4c/hd5/9378689220638.jpg,Highland Park,Highland Park Wolf 42.3% 1L GP,1 l (€66.90 / 1 l),from €66.90
https://cdn.heinemann-shop.com/images/hff/hdc/9378674835486.jpg,Highland Park,Highland Park Wolf 42.3% 0.35L GP,0.35 l (€79.71 / 1 l),€27.90
https://cdn.heinemann-shop.com/images/h6a/hc0/9378667757598.jpg,Highland Park,Highland Park 18y 46% 0.7L GP,0.7 l (€197.00 / 1 l),from €137.90
https://cdn.heinemann-shop.com/images/had/h48/9378697674782.jpg,Highland Park,Highland Park 16 year old Wings of the Eagle 44.5% 0.7L,0.7 l (€128.43 / 1 l),from €89.90
https://cdn.heinemann-shop.com/images/h5d/h77/9330995593246.jpg,Smokehead,Smokehead Extra Rare 40% 1L Tin,1 l (€49.90 / 1 l),€49.90
https://cdn.heinemann-shop.com/images/hf9/h33/9330688032798.jpg,Talon's Select,Talon's Select Blended Malt Scotch Whisky 40% 1L,1 l (€29.90 / 1 l),from €29.90
https://cdn.heinemann-shop.com/images/h1e/h34/9423000141854.jpg,Glen Grant,Glen Grant Cask Haven 46% 1L,1 l (€55.90 / 1 l),from €55.90
https://cdn.heinemann-shop.com/images/h02/haf/9491714670622.jpg,Glenfiddich,Glenfiddich 18 yo 40% 0.7L GP,0.7 l (€99.86 / 1 l),from €69.90
https://cdn.heinemann-shop.com/images/h3f/hf2/9508154310686.jpg,Caperdonich,Caperdonich 21yo Peated Speyside Single Malt Scotch Whisky 48% 0.7L giftbox,0.7 l (€371.29 / 1 l),€259.90
https://cdn.heinemann-shop.com/images/h27/he1/9488601350174.jpg,Glen Keith,"Glen Keith, 25yo Speyside Single Malt Scotch Whisky 43% 0.7L giftbox",0.7 l (€485.57 / 1 l),€339.90
https://cdn.heinemann-shop.com/images/h23/hac/9491020120094.jpg,Laphroaig,Laphroaig 25YO Bessie Williams 2019 43% 0.7L,0.7 l (€642.71 / 1 l),€449.90
https://cdn.heinemann-shop.com/images/hc1/h05/9256553218078.jpg,Auchentoshan,Auchentoshan American Oak 40% 1L,1 l (€37.90 / 1 l),€37.90
https://cdn.heinemann-shop.com/images/h87/hb1/9330580586526.jpg,Auchentoshan,Auchentoshan Dark Oak 43% 1L,1 l (€55.90 / 1 l),€55.90
https://cdn.heinemann-shop.com/images/h8f/h88/9329359978526.jpg,Aberfeldy,"Aberfeldy 15YO Sherry Finish Exceptional Cask 43% 0,7L",0.7 l (€135.57 / 1 l),from €94.90
https://cdn.heinemann-shop.com/images/h52/ha1/9381004476446.jpg,Glenmorangie,"Glenmorangie Original 1L, Giftpack",1 l (€49.90 / 1 l),from €49.90
https://cdn.heinemann-shop.com/images/h7b/h56/9380584325150.jpg,Macallan,Macallan Concept 2 40% 0.7L GP,0.7 l (€192.71 / 1 l),from €134.90
https://cdn.heinemann-shop.com/images/h9b/h93/9429281636382.jpg,Kavalan,Kavalan Concertmaster Port Cask Finish Taiwanese Single Malt Whisky 40% 1L giftpack,1 l (€65.90 / 1 l),€65.90
https://cdn.heinemann-shop.com/images/h68/hed/9379027091486.jpg,Glenfiddich,Glenfid 25yo 43% 0.7L,0.7 l (€528.43 / 1 l),from €369.90
https://cdn.heinemann-shop.com/images/h7d/h27/9476233003038.jpg,Glenfiddich,Glenfiddich Select Cask 40% 0.5L Tube,0.5 l (€53.00 / 1 l),from €26.50
https://cdn.heinemann-shop.com/images/hdd/hd0/9327934799902.jpg,Glenfiddich,Glenfiddich Select Cask 40% 2x1L Twinpack,2 l (€40.95 / 1 l),from €81.90
https://cdn.heinemann-shop.com/images/h4e/h3c/9380776738846.jpg,Monkey Shoulder,Monkey Shoulder 40% 1L,1 l (€38.90 / 1 l),from €38.90
https://cdn.heinemann-shop.com/images/h18/hb8/9221914263582.jpg,Ardbeg,Ardbeg Corryvreckan 70cl,0.7 l (€98.43 / 1 l),from €68.90
https://cdn.heinemann-shop.com/images/h56/hdb/9378667986974.jpg,Balvenie,Balvenie Triple Cask 12y 40% 1L,1 l (€69.90 / 1 l),from €69.90
https://cdn.heinemann-shop.com/images/h6d/hbd/9379399630878.jpg,Laphroaig,Laphroaig 1815 Edition 48% 0.7L GP,0.7 l (€151.29 / 1 l),from €105.90
https://cdn.heinemann-shop.com/images/h51/he9/9379452846110.jpg,Laphroaig,"Laphroaig Four Oak 40% 1L, Giftpack",1 l (€59.90 / 1 l),from €59.90
https://cdn.heinemann-shop.com/images/hd3/h0f/9221950767134.jpg,The Glenlivet,The Glenlivet Nàdurra First Fill 48% 1L,1 l (€69.90 / 1 l),€69.90
https://cdn.heinemann-shop.com/images/h55/h07/9328044081182.jpg,Dalmore,Dalmore Valour 40% 1L,1 l (€72.90 / 1 l),from €72.90
https://cdn.heinemann-shop.com/images/h74/hd6/9330783453214.jpg,Glen Grant,Glen Grant 10 Year Old 40% 1L,1 l (€37.90 / 1 l),from €37.90
https://cdn.heinemann-shop.com/images/hce/h9e/9379456352286.jpg,Jura,Jura The Road 43.6 % 1L GP,1 l (€52.90 / 1 l),from €52.90
https://cdn.heinemann-shop.com/images/h7f/h21/9378566963230.jpg,Bowmore,Bowmore 15yo 43% 1L Giftbox,1 l (€66.90 / 1 l),from €66.90
https://cdn.heinemann-shop.com/images/haf/h50/9379143254046.jpg,Macallan,"Macallan Quest 40% 1L, giftpack",1 l (€76.90 / 1 l),from €76.90
https://cdn.heinemann-shop.com/images/hb5/h36/9221489983518.jpg,Glen Grant,"Glen Grant 18 years old 43% 1L, Giftpack",1 l (€112.90 / 1 l),from €112.90
https://cdn.heinemann-shop.com/images/hdf/h0c/9379441508382.jpg,Jura,Jura The Sound 42.5% 1L GP,1 l (€39.90 / 1 l),from €39.90
https://cdn.heinemann-shop.com/images/h29/h58/9329135091742.jpg,GlenDronach,The GlenDronach Forgue 10yo Highland Single Malt Scotch Whisky 43% 1L Tube,1 l (€65.90 / 1 l),€65.90
https://cdn.heinemann-shop.com/images/h10/h6f/9221828771870.jpg,Glenfarclas,Glenfarclas 12y 43% 1L,1 l (€49.90 / 1 l),from €49.90
https://cdn.heinemann-shop.com/images/h56/hda/9477394726942.jpg,Glenfiddich,Glenfiddich Select Cask 40% 1L Tube,1 l (€48.90 / 1 l),from €48.90
https://cdn.heinemann-shop.com/images/h17/h1b/9379076735006.jpg,Glenfiddich,"Glenfiddich Vintage Cask 40% 0.7L, Giftbox",0.7 l (€151.29 / 1 l),from €105.90
https://cdn.heinemann-shop.com/images/he5/h9f/9380985012254.jpg,Laphroaig,Laphroaig Px Cask 48% 1L,1 l (€87.90 / 1 l),from €87.90
https://cdn.heinemann-shop.com/images/h26/hf3/9221833293854.jpg,Glenfarclas,Glenfarclas 105 60% 1L Tube,1 l (€55.90 / 1 l),from €55.90
https://cdn.heinemann-shop.com/images/ha5/hd2/9354468687902.jpg,Glengoyne,Glengoyne Balbaína European Oloroso Sherry Casks 43% 1L giftpack,1 l (€65.90 / 1 l),€65.90
https://cdn.heinemann-shop.com/images/h0f/h93/9462880337950.jpg,The Glenlivet,The Glenlivet Triple Cask Matured Distillers Reserve 40% 1L,1 l (€36.90 / 1 l),from €36.90
https://cdn.heinemann-shop.com/images/h2c/h0d/9426986991646.jpg,Bowmore,Bowmore 10yo 40% 1L,1 l (€35.90 / 1 l),from €35.90
https://cdn.heinemann-shop.com/images/hde/h23/9221395349534.jpg,Glen Garioch,Glen Garioch 12y 48% 1L,1 l (€54.90 / 1 l),from €54.90
https://cdn.heinemann-shop.com/images/heb/h74/9379166584862.jpg,Balvenie,Balvenie Triple Cask 16y 40% 0.7L,0.7 l (€157.00 / 1 l),from €109.90
https://cdn.heinemann-shop.com/images/h19/h3c/9379373449246.jpg,Highland Park,Highland Park Ragnvald 44.6% 0.7L,0.7 l (€799.86 / 1 l),€559.90
https://cdn.heinemann-shop.com/images/hd0/hfe/9379397271582.jpg,Highland Park,Highland Park Thorfinn 45.1% 0.7L,"0.7 l (€2,071.29 / 1 l)","from €1,449.90"
https://cdn.heinemann-shop.com/images/h44/h04/9378609463326.jpg,Highland Park,Highland Park Sigurd 43% 0.7L Gift Box,0.7 l (€247.00 / 1 l),from €172.90
https://cdn.heinemann-shop.com/images/h77/hd3/9222020366366.jpg,Glen Deveron,Glen Deveron 20y 40% 1L,1 l (€89.90 / 1 l),€89.90
https://cdn.heinemann-shop.com/images/h30/h25/9327859499038.jpg,Bunnahabhain,Bunnahabhain Eirigh Na Greine 46.3% 1L Gift Tube,1 l (€69.90 / 1 l),from €69.90
https://cdn.heinemann-shop.com/images/h97/hbf/9221967478814.jpg,Canadian Club,Canadian Club 40% 1L,1 l (€18.90 / 1 l),from €18.90
https://cdn.heinemann-shop.com/images/hf9/h52/9339826012190.jpg,Black Velvet,Black Velvet Reserve 8y 40% 1L,1 l (€25.90 / 1 l),€25.90
https://cdn.heinemann-shop.com/images/h47/hb9/9491019595806.jpg,Hendrick's,Hendricks Amazonia 43.4% 1L,1 l (€47.90 / 1 l),from €47.90
https://cdn.heinemann-shop.com/images/he9/h0c/9221767462942.jpg,Ungava,Ungava Gin 43.1% 1L,1 l (€33.90 / 1 l),from €33.90
https://cdn.heinemann-shop.com/images/h98/h25/9221970493470.jpg,Larios,Larios London Dry Gin 37.5% 1L,1 l (€11.90 / 1 l),€11.90
https://cdn.heinemann-shop.com/images/h23/h92/9105529372702.jpg,Bombay,Bombay Sapphire 47% 0.2L,0.2 l (€41.50 / 1 l),from €8.30
https://cdn.heinemann-shop.com/images/h2b/he3/9462356049950.jpg,Plymouth,Plymouth Gin 41.2% 1L,1 l (€44.90 / 1 l),from €44.90
https://cdn.heinemann-shop.com/images/hab/h4a/9462872342558.jpg,Bombay,Bombay Star of Bombay 47.5% 1L,1 l (€45.90 / 1 l),from €45.90
https://cdn.heinemann-shop.com/images/h69/h2b/9104391634974.jpg,Four Pillars,Four Pillars Rare Dry Gin 41.8% 1L,1 l (€45.90 / 1 l),€45.90
https://cdn.heinemann-shop.com/images/h0f/h0e/9221473992734.jpg,Bols,Bols Corenwyn 6 years 40% 1L,1 l (€25.50 / 1 l),€25.50
https://cdn.heinemann-shop.com/images/h23/h9a/9221454331934.jpg,Bokma,Bokma Jong 35% 0.5L,0.5 l (€16.60 / 1 l),€8.30
https://cdn.heinemann-shop.com/images/h69/h3f/9221617025054.jpg,Ketel 1 Jenever,Ketel 1 Jong Jenever 35% 1L,1 l (€13.90 / 1 l),€13.90
https://cdn.heinemann-shop.com/images/he1/ha6/9221493817374.jpg,Bols,Bols Jong Delftsblauw 35% 0.7L,0.7 l (€54.14 / 1 l),€37.90
https://cdn.heinemann-shop.com/images/h83/hcb/9221509644318.jpg,Bols,Bols Genever 21 38% 0.7L,0.7 l (€27.00 / 1 l),€18.90
https://cdn.heinemann-shop.com/images/h35/h77/9379411656734.jpg,Opihr,"Opihr Oriental Spiced London Dry Gin 42,5% 1L",1 l (€29.90 / 1 l),from €29.90
https://cdn.heinemann-shop.com/images/hf8/h49/9378763636766.jpg,Harahorn,Harahorn Gin 46% 0.5L,0.5 l (€53.80 / 1 l),from €26.90
https://cdn.heinemann-shop.com/images/hbd/hf4/9221618532382.jpg,Bols,Bols Barrel Aged Genever 42% 1L,1 l (€25.50 / 1 l),€25.50
https://cdn.heinemann-shop.com/images/h22/hb8/9221780340766.jpg,Botanist,Botanist 46% 0.2L,0.2 l (€67.50 / 1 l),€13.50
https://cdn.heinemann-shop.com/images/he7/h85/9379127132190.jpg,Whitley Neill,Whitley Neill Handcrafted Dry Gin 43% 1L,1 l (€33.90 / 1 l),from €33.90
https://cdn.heinemann-shop.com/images/h6f/h48/9221942476830.jpg,Cruxland,"Cruxland London Dry Gin, Giftpack",1 l (€29.90 / 1 l),from €29.90
https://cdn.heinemann-shop.com/images/h0b/hd2/9221978030110.jpg,Bols,Bols Zeer Oude Genever 35% 1L,1 l (€14.90 / 1 l),€14.90
https://cdn.heinemann-shop.com/images/h7e/h6a/9380734304286.jpg,Tanqueray,Tanqueray No. Ten 47.3% 1L,1 l (€49.90 / 1 l),from €49.90
https://cdn.heinemann-shop.com/images/h2f/hb0/9462899048478.jpg,Bombay,Bombay Sapphire 47% 0.5L,0.5 l (€34.60 / 1 l),from €17.30
https://cdn.heinemann-shop.com/images/h0f/h6c/9486413529118.jpg,Beefeater,Beefeater Dry 40% 1L,1 l (€20.50 / 1 l),from €20.50
https://cdn.heinemann-shop.com/images/ha1/hc5/9462882402334.jpg,Beefeater,Beefeater 47% 0.5L PET,0.5 l (€25.00 / 1 l),from €12.50
https://cdn.heinemann-shop.com/images/h01/ha4/9462415786014.jpg,Gordon's,Gordon's Dry Gin 47.3% 0.5L PET,0.5 l (€27.00 / 1 l),from €13.50
https://cdn.heinemann-shop.com/images/h02/h6c/9462421061662.jpg,Gordon's,Gordon's Dry Gin 47.3% 1L PET,1 l (€22.50 / 1 l),from €22.50
https://cdn.heinemann-shop.com/images/h2b/h29/9390179057694.jpg,Braunstein,Braunstein Danica Gin 44.7% 0.7L,0.7 l (€42.71 / 1 l),€29.90
https://cdn.heinemann-shop.com/images/hd9/h2b/9267121750046.jpg,Nordic Spirits Lab,Nordic Spirits Lab Gin 41% 0.5L,0.5 l (€36.60 / 1 l),from €18.30
https://cdn.heinemann-shop.com/images/h5d/h8b/9221674041374.jpg,Gin Sul,Gin Sul Hamburg Dry Gin 43% 0.5L,0.5 l (€67.80 / 1 l),€33.90
https://cdn.heinemann-shop.com/images/h85/h5d/9477396627486.jpg,Bareksten,Bareksten Botanical Gin 46% 1L,1 l (€50.90 / 1 l),from €50.90
https://cdn.heinemann-shop.com/images/h2a/h14/9390174011422.jpg,Bottega,Bottega Bacûr Gin 40% 1L,1 l (€39.90 / 1 l),from €39.90
https://cdn.heinemann-shop.com/images/hd6/h43/9329421844510.jpg,Sipsmith,Sipsmith Gin 44.1% 1L,1 l (€42.90 / 1 l),from €42.90
https://cdn.heinemann-shop.com/images/h4f/h5b/9221534580766.jpg,Crafter's,Crafter's London Dry Gin 43% 1L,1 l (€33.90 / 1 l),from €33.90
https://cdn.heinemann-shop.com/images/ha5/hd3/9462884237342.jpg,Malfy,Malfy Gin Originale 41% 1L,1 l (€37.50 / 1 l),from €37.50
https://cdn.heinemann-shop.com/images/h90/h72/9305976340510.jpg,The London Nº1,"The London N°1, Original Blue Gin 47% 1L",1 l (€39.90 / 1 l),from €39.90
https://cdn.heinemann-shop.com/images/he1/hb6/9221508890654.jpg,The Duke Gin,The Duke Gin 45% 0.7L Organic,0.7 l (€40.71 / 1 l),from €28.50
https://cdn.heinemann-shop.com/images/hcb/ha8/9176507252766.jpg,Bareksten,Bareksten Botanical Gin 46% 0.5L,0.5 l (€65.80 / 1 l),€32.90
https://cdn.heinemann-shop.com/images/h37/h64/9400726880286.jpg,Whitley Neill,Whitley Neill Blood Orange Gin 43% 1L,1 l (€33.90 / 1 l),€33.90
https://cdn.heinemann-shop.com/images/h97/h76/9221595168798.jpg,Chase,Chase GB Gin 40% 0.7L Tin,0.7 l (€39.86 / 1 l),€27.90
https://cdn.heinemann-shop.com/images/hb3/h94/9044938719262.jpg,ELG Gin,ELG Gin No.1 47.2% 0.5L,0.5 l (€67.80 / 1 l),from €33.90
https://cdn.heinemann-shop.com/images/hf3/hb4/9380794138654.jpg,Hendrick's,Hendrick’s Midsummer Solstice 0.7L 43.4%,0.7 l (€48.43 / 1 l),from €33.90
https://cdn.heinemann-shop.com/images/hf3/hcd/9435834449950.jpg,Gin Sul,Gin Sul Dry Gin Europe Edition 43% 0.5L,0.5 l (€79.80 / 1 l),€39.90
https://cdn.heinemann-shop.com/images/ha5/h86/9374176444446.jpg,Gretchen,Gretchen Distilled Dry Gin 44% 0.7l,0.7 l (€38.43 / 1 l),€26.90
https://cdn.heinemann-shop.com/images/hc3/h02/9435835170846.jpg,Whitley Neill,Whitley Neill Pink Grapefruit Gin 43% 1L,1 l (€33.90 / 1 l),from €33.90
https://cdn.heinemann-shop.com/images/h47/h18/9381892390942.jpg,Whitley Neill,Whitley Neill Blackberry Gin 43% 1L,1 l (€33.90 / 1 l),€33.90
https://cdn.heinemann-shop.com/images/h2f/ha1/9503568494622.jpg,Beefeater,Beefeater Blackberry 37.5% 1L,1 l (€23.90 / 1 l),from €23.90
https://cdn.heinemann-shop.com/images/h0a/h09/9476053041182.jpg,Beefeater,Beefeater Pink Gin 37.5% 1L,1 l (€23.90 / 1 l),from €23.90
https://cdn.heinemann-shop.com/images/h1d/h84/9329152163870.jpg,Roku,Roku Gin Select Edition 43% 0.7L,0.7 l (€35.57 / 1 l),from €24.90
https://cdn.heinemann-shop.com/images/h84/hd8/9378703147038.jpg,Whitley Neill,Whitley Neill Rhubarb & Ginger Gin 43% 1L,1 l (€33.90 / 1 l),from €33.90
https://cdn.heinemann-shop.com/images/h02/hb1/9462402646046.jpg,Gordon's,Gordon's Pink 37.5% 1L,1 l (€23.50 / 1 l),from €23.50
https://cdn.heinemann-shop.com/images/h87/h24/9400727109662.jpg,Whitley Neill,Whitley Neill Lemongrass & Ginger Gin 43% 1L,1 l (€33.90 / 1 l),€33.90
https://cdn.heinemann-shop.com/images/ha6/h41/9327867101214.jpg,Hendrick's,Hendrick's Gin 44% 1.75L,1.75 l (€43.37 / 1 l),from €75.90
https://cdn.heinemann-shop.com/images/h4f/hbe/9477395939358.jpg,Hendrick's,Hendrick's Gin Teacup 44% 1L,1 l (€45.90 / 1 l),from €45.90
https://cdn.heinemann-shop.com/images/h7a/ha9/9222012764190.jpg,Berliner Brandstifter,Berliner Brandstifter Gin 43.3% 0.7L,0.7 l (€54.14 / 1 l),€37.90
https://cdn.heinemann-shop.com/images/h38/h18/9379410444318.jpg,Botanist,The Botanist Islay Gin 46% 1L,1 l (€46.90 / 1 l),from €46.90
https://cdn.heinemann-shop.com/images/h93/hc5/9327664300062.jpg,Bulldog,Bulldog Gin 40% 1L,1 l (€29.90 / 1 l),from €29.90
https://cdn.heinemann-shop.com/images/h0f/h62/9438073552926.jpg,London Hill,London Hill Gin 43% 1L,1 l (€17.90 / 1 l),€17.90
https://cdn.heinemann-shop.com/images/hd6/he1/9380756422686.jpg,Harahorn,Harahorn Gin 46% 1L,1 l (€49.90 / 1 l),€49.90
https://cdn.heinemann-shop.com/images/h2e/h48/9462883549214.jpg,Malfy,Malfy Gin con Limone 41% 1L,1 l (€37.50 / 1 l),from €37.50
https://cdn.heinemann-shop.com/images/h77/h90/9476060610590.jpg,Beefeater,Beefeater Blood Orange 37.5% 1L,1 l (€23.90 / 1 l),from €23.90
https://cdn.heinemann-shop.com/images/h10/h46/9491364904990.jpg,G'Vine,G'Vine Floraison 40% 1L,1 l (€41.90 / 1 l),from €41.90
https://cdn.heinemann-shop.com/images/h46/h3b/9379363160094.jpg,Bombay,Bombay Sapphire 47% 2x1L Twinpack,2 l (€24.45 / 1 l),from €48.90
https://cdn.heinemann-shop.com/images/h36/ha1/9379005333534.jpg,Tanqueray,Tanqueray Special Dry Gin 47.3% 1L,1 l (€18.90 / 1 l),from €18.90
https://cdn.heinemann-shop.com/images/hf7/hfd/9498646675486.jpg,Bombay,Bombay Sapphire 47% 1L,1 l (€22.90 / 1 l),from €22.90
https://cdn.heinemann-shop.com/images/h47/h11/9480277360670.jpg,Gordon's,Gordon's Dry Gin 37.5% 1L,1 l (€20.50 / 1 l),from €20.50
https://cdn.heinemann-shop.com/images/h1a/h78/9462876405790.jpg,Bombay,Bombay English Estate 41% 1L GP,1 l (€29.90 / 1 l),from €29.90
https://cdn.heinemann-shop.com/images/hb4/h79/9380968431646.jpg,Hendrick's,Hendrick's Gin 44% 1L,1 l (€34.90 / 1 l),from €34.90
https://cdn.heinemann-shop.com/images/h1c/hf9/9519376859166.jpg,Bombay,Bombay Bramble 43% 1L,1 l (€31.90 / 1 l),from €31.90
https://cdn.heinemann-shop.com/images/h1d/h4c/9429302181918.jpg,Harahorn,Harahorn White Lemon 42% 0.5L,0.5 l (€55.80 / 1 l),from €27.90
https://cdn.heinemann-shop.com/images/h50/hed/9340287647774.jpg,Blue Bottle,Blue Bottle Gin 47% 0.7L,0.7 l (€59.86 / 1 l),€41.90
https://cdn.heinemann-shop.com/images/hcc/he7/9221486215198.jpg,Caorunn,Caorunn Small Batch Scottish Gin 41.8% 1L,1 l (€39.90 / 1 l),€39.90
https://cdn.heinemann-shop.com/images/hc0/h53/9221799247902.jpg,Hartevelt,Hartevelt Jonge,1 l (€11.90 / 1 l),€11.90
https://cdn.heinemann-shop.com/images/hf9/hab/9221481693214.jpg,Bols,Bols Genever Amsterdam 42% 0.7L,0.7 l (€39.29 / 1 l),€27.50
https://cdn.heinemann-shop.com/images/h18/h2f/9221580783646.jpg,Bokma,Bokma Jong 35% 1L,1 l (€14.30 / 1 l),€14.30
https://cdn.heinemann-shop.com/images/h73/h69/9221518000158.jpg,Bols,Bols Corenwyn Steinkrug 38% 1L,1 l (€20.90 / 1 l),€20.90
https://cdn.heinemann-shop.com/images/hc8/h69/9390175518750.jpg,Bols,Bols Coebergh Bessen 20% 1L,1 l (€11.50 / 1 l),€11.50
https://cdn.heinemann-shop.com/images/h52/h5f/9222023381022.jpg,Bloom,Bloom London Dry Gin 40% 1L,1 l (€29.90 / 1 l),from €29.90
https://cdn.heinemann-shop.com/images/h95/haf/9462409363486.jpg,Tanqueray,Tanqueray Rangpur 41.3% 1L,1 l (€25.90 / 1 l),from €25.90
https://cdn.heinemann-shop.com/images/hba/hea/9340095037470.jpg,Reisetbauer,Reisetbauer Sloeberry Blue Gin 28% 1L,1 l (€35.90 / 1 l),from €35.90
https://cdn.heinemann-shop.com/images/h2d/h37/9221561090078.jpg,Bols,Bols Jonge Graanjenever 35% 1L,1 l (€14.90 / 1 l),€14.90
https://cdn.heinemann-shop.com/images/hcd/hf7/9221528551454.jpg,Bokma,Bokma Oude Friesche Genever 38% 1L,1 l (€15.70 / 1 l),€15.70
https://cdn.heinemann-shop.com/images/h6b/h98/8932114595870.jpg,Reisetbauer,Reisetbauer Blue Gin 43% 1L,1 l (€35.90 / 1 l),from €35.90
https://cdn.heinemann-shop.com/images/hcb/hd6/9462441508894.jpg,Gordon's,Gordon's London Dry Gin Twinpack 47.3% 2x1L,2 l (€17.45 / 1 l),from €34.90
https://cdn.heinemann-shop.com/images/h56/hfe/9462894460958.jpg,Oxley,Oxley Gin 47% 1L,1 l (€39.90 / 1 l),€39.90
https://cdn.heinemann-shop.com/images/hf9/hb8/9221448302622.jpg,V2C,V2C Dutch Dry Classic Gin 41.5% 0.7L,0.7 l (€49.86 / 1 l),€34.90
https://cdn.heinemann-shop.com/images/hf3/heb/9378493399070.jpg,Gin Mare,Gin Mare Mediterranean Gin 42.7% 1L,1 l (€38.90 / 1 l),from €38.90
https://cdn.heinemann-shop.com/images/hf0/h92/9330850070558.jpg,Hendrick's,Hendrick's Gin 41.4% 0.375L GP,0.35 l (€74.00 / 1 l),€25.90
https://cdn.heinemann-shop.com/images/h56/h8f/9477396168734.jpg,Silver Tail,Silver Tail Gin 46% 0.5L,0.5 l (€39.00 / 1 l),€19.50
https://cdn.heinemann-shop.com/images/h3b/h10/9329691557918.jpg,The Stin,The Stin Styrian Dry Gin 47% 0.5L,0.5 l (€75.80 / 1 l),from €37.90
https://cdn.heinemann-shop.com/images/h3f/h52/9462362538014.jpg,Tanqueray,Tanqueray Sevilla 41.3% 1L,1 l (€24.90 / 1 l),from €24.90
https://cdn.heinemann-shop.com/images/ha5/h08/9272086396958.jpg,V2C,V2C Orange Dutch Dry Gin 41.5% 0.5L,0.5 l (€59.80 / 1 l),€29.90
https://cdn.heinemann-shop.com/images/h0c/h32/9138050564126.jpg,Needle,Needle Blackforest Distilled Dry Gin 40% 1L,1 l (€21.90 / 1 l),from €21.90
https://cdn.heinemann-shop.com/images/h71/h6c/9339820867614.jpg,Sakurao,Sakurao Japanese Dry Gin 47% 0.7L,0.7 l (€81.29 / 1 l),€56.90
https://cdn.heinemann-shop.com/images/ha4/h5d/9379369484318.jpg,Gunpowder,Drumshanbo Gunpowder Irish Gin 0.7L 43%,0.7 l (€67.00 / 1 l),€46.90
https://cdn.heinemann-shop.com/images/h25/h83/9340011282462.jpg,Jaisalmer,Jaisalmer Indian Craft Gin 43% 0.7L,0.7 l (€59.86 / 1 l),€41.90
https://cdn.heinemann-shop.com/images/h87/h91/9379369943070.jpg,Bobby's,Bobby's Schiedam Dry Gin 42% 1L,1 l (€45.90 / 1 l),€45.90
https://cdn.heinemann-shop.com/images/h5c/h7a/9090014052382.jpg,Chase,Chase Williams Elegant Gin 48% 1L,1 l (€49.90 / 1 l),€49.90
https://cdn.heinemann-shop.com/images/h47/hb9/9491019595806.jpg,Hendrick's,Hendricks Amazonia 43.4% 1L,1 l (€47.90 / 1 l),from €47.90
https://cdn.heinemann-shop.com/images/h7e/h6a/9380734304286.jpg,Tanqueray,Tanqueray No. Ten 47.3% 1L,1 l (€49.90 / 1 l),from €49.90
https://cdn.heinemann-shop.com/images/h2f/hb0/9462899048478.jpg,Bombay,Bombay Sapphire 47% 0.5L,0.5 l (€34.60 / 1 l),from €17.30
https://cdn.heinemann-shop.com/images/h0f/h6c/9486413529118.jpg,Beefeater,Beefeater Dry 40% 1L,1 l (€20.50 / 1 l),from €20.50
https://cdn.heinemann-shop.com/images/he9/h0c/9221767462942.jpg,Ungava,Ungava Gin 43.1% 1L,1 l (€33.90 / 1 l),from €33.90
https://cdn.heinemann-shop.com/images/h98/h25/9221970493470.jpg,Larios,Larios London Dry Gin 37.5% 1L,1 l (€11.90 / 1 l),€11.90
https://cdn.heinemann-shop.com/images/h23/h92/9105529372702.jpg,Bombay,Bombay Sapphire 47% 0.2L,0.2 l (€41.50 / 1 l),from €8.30
https://cdn.heinemann-shop.com/images/h2b/he3/9462356049950.jpg,Plymouth,Plymouth Gin 41.2% 1L,1 l (€44.90 / 1 l),from €44.90
https://cdn.heinemann-shop.com/images/h0f/h0e/9221473992734.jpg,Bols,Bols Corenwyn 6 years 40% 1L,1 l (€25.50 / 1 l),€25.50
https://cdn.heinemann-shop.com/images/h23/h9a/9221454331934.jpg,Bokma,Bokma Jong 35% 0.5L,0.5 l (€16.60 / 1 l),€8.30
https://cdn.heinemann-shop.com/images/h69/h3f/9221617025054.jpg,Ketel 1 Jenever,Ketel 1 Jong Jenever 35% 1L,1 l (€13.90 / 1 l),€13.90
https://cdn.heinemann-shop.com/images/he1/ha6/9221493817374.jpg,Bols,Bols Jong Delftsblauw 35% 0.7L,0.7 l (€54.14 / 1 l),€37.90
https://cdn.heinemann-shop.com/images/h83/hcb/9221509644318.jpg,Bols,Bols Genever 21 38% 0.7L,0.7 l (€27.00 / 1 l),€18.90
https://cdn.heinemann-shop.com/images/h35/h77/9379411656734.jpg,Opihr,"Opihr Oriental Spiced London Dry Gin 42,5% 1L",1 l (€29.90 / 1 l),from €29.90
https://cdn.heinemann-shop.com/images/hf8/h49/9378763636766.jpg,Harahorn,Harahorn Gin 46% 0.5L,0.5 l (€53.80 / 1 l),from €26.90
https://cdn.heinemann-shop.com/images/hbd/hf4/9221618532382.jpg,Bols,Bols Barrel Aged Genever 42% 1L,1 l (€25.50 / 1 l),€25.50
https://cdn.heinemann-shop.com/images/h22/hb8/9221780340766.jpg,Botanist,Botanist 46% 0.2L,0.2 l (€67.50 / 1 l),€13.50
https://cdn.heinemann-shop.com/images/he7/h85/9379127132190.jpg,Whitley Neill,Whitley Neill Handcrafted Dry Gin 43% 1L,1 l (€33.90 / 1 l),from €33.90
https://cdn.heinemann-shop.com/images/h5d/h8b/9221674041374.jpg,Gin Sul,Gin Sul Hamburg Dry Gin 43% 0.5L,0.5 l (€67.80 / 1 l),€33.90
https://cdn.heinemann-shop.com/images/h90/h72/9305976340510.jpg,The London Nº1,"The London N°1, Original Blue Gin 47% 1L",1 l (€39.90 / 1 l),from €39.90
https://cdn.heinemann-shop.com/images/he1/hb6/9221508890654.jpg,The Duke Gin,The Duke Gin 45% 0.7L Organic,0.7 l (€40.71 / 1 l),from €28.50
https://cdn.heinemann-shop.com/images/h0b/hd2/9221978030110.jpg,Bols,Bols Zeer Oude Genever 35% 1L,1 l (€14.90 / 1 l),€14.90
https://cdn.heinemann-shop.com/images/ha1/hc5/9462882402334.jpg,Beefeater,Beefeater 47% 0.5L PET,0.5 l (€25.00 / 1 l),from €12.50
https://cdn.heinemann-shop.com/images/h01/ha4/9462415786014.jpg,Gordon's,Gordon's Dry Gin 47.3% 0.5L PET,0.5 l (€27.00 / 1 l),from €13.50
https://cdn.heinemann-shop.com/images/h02/h6c/9462421061662.jpg,Gordon's,Gordon's Dry Gin 47.3% 1L PET,1 l (€22.50 / 1 l),from €22.50
https://cdn.heinemann-shop.com/images/hab/h4a/9462872342558.jpg,Bombay,Bombay Star of Bombay 47.5% 1L,1 l (€45.90 / 1 l),from €45.90
https://cdn.heinemann-shop.com/images/h69/h2b/9104391634974.jpg,Four Pillars,Four Pillars Rare Dry Gin 41.8% 1L,1 l (€45.90 / 1 l),€45.90
https://cdn.heinemann-shop.com/images/h6f/h48/9221942476830.jpg,Cruxland,"Cruxland London Dry Gin, Giftpack",1 l (€29.90 / 1 l),from €29.90
https://cdn.heinemann-shop.com/images/hd9/h2b/9267121750046.jpg,Nordic Spirits Lab,Nordic Spirits Lab Gin 41% 0.5L,0.5 l (€36.60 / 1 l),from €18.30
https://cdn.heinemann-shop.com/images/h2b/h29/9390179057694.jpg,Braunstein,Braunstein Danica Gin 44.7% 0.7L,0.7 l (€42.71 / 1 l),€29.90
https://cdn.heinemann-shop.com/images/h85/h5d/9477396627486.jpg,Bareksten,Bareksten Botanical Gin 46% 1L,1 l (€50.90 / 1 l),from €50.90
https://cdn.heinemann-shop.com/images/h2a/h14/9390174011422.jpg,Bottega,Bottega Bacûr Gin 40% 1L,1 l (€39.90 / 1 l),from €39.90
https://cdn.heinemann-shop.com/images/hd6/h43/9329421844510.jpg,Sipsmith,Sipsmith Gin 44.1% 1L,1 l (€42.90 / 1 l),from €42.90
https://cdn.heinemann-shop.com/images/h4f/h5b/9221534580766.jpg,Crafter's,Crafter's London Dry Gin 43% 1L,1 l (€33.90 / 1 l),from €33.90
https://cdn.heinemann-shop.com/images/ha5/hd3/9462884237342.jpg,Malfy,Malfy Gin Originale 41% 1L,1 l (€37.50 / 1 l),from €37.50
https://cdn.heinemann-shop.com/images/hf3/hcd/9435834449950.jpg,Gin Sul,Gin Sul Dry Gin Europe Edition 43% 0.5L,0.5 l (€79.80 / 1 l),€39.90
https://cdn.heinemann-shop.com/images/ha5/h86/9374176444446.jpg,Gretchen,Gretchen Distilled Dry Gin 44% 0.7l,0.7 l (€38.43 / 1 l),€26.90
https://cdn.heinemann-shop.com/images/hc3/h02/9435835170846.jpg,Whitley Neill,Whitley Neill Pink Grapefruit Gin 43% 1L,1 l (€33.90 / 1 l),from €33.90
https://cdn.heinemann-shop.com/images/h47/h18/9381892390942.jpg,Whitley Neill,Whitley Neill Blackberry Gin 43% 1L,1 l (€33.90 / 1 l),€33.90
https://cdn.heinemann-shop.com/images/h2f/ha1/9503568494622.jpg,Beefeater,Beefeater Blackberry 37.5% 1L,1 l (€23.90 / 1 l),from €23.90
https://cdn.heinemann-shop.com/images/hcb/ha8/9176507252766.jpg,Bareksten,Bareksten Botanical Gin 46% 0.5L,0.5 l (€65.80 / 1 l),€32.90
https://cdn.heinemann-shop.com/images/h37/h64/9400726880286.jpg,Whitley Neill,Whitley Neill Blood Orange Gin 43% 1L,1 l (€33.90 / 1 l),€33.90
https://cdn.heinemann-shop.com/images/h97/h76/9221595168798.jpg,Chase,Chase GB Gin 40% 0.7L Tin,0.7 l (€39.86 / 1 l),€27.90
https://cdn.heinemann-shop.com/images/hb3/h94/9044938719262.jpg,ELG Gin,ELG Gin No.1 47.2% 0.5L,0.5 l (€67.80 / 1 l),from €33.90
https://cdn.heinemann-shop.com/images/hf3/hb4/9380794138654.jpg,Hendrick's,Hendrick’s Midsummer Solstice 0.7L 43.4%,0.7 l (€48.43 / 1 l),from €33.90
https://cdn.heinemann-shop.com/images/h0a/h09/9476053041182.jpg,Beefeater,Beefeater Pink Gin 37.5% 1L,1 l (€23.90 / 1 l),from €23.90
https://cdn.heinemann-shop.com/images/h1d/h84/9329152163870.jpg,Roku,Roku Gin Select Edition 43% 0.7L,0.7 l (€35.57 / 1 l),from €24.90
https://cdn.heinemann-shop.com/images/h84/hd8/9378703147038.jpg,Whitley Neill,Whitley Neill Rhubarb & Ginger Gin 43% 1L,1 l (€33.90 / 1 l),from €33.90
https://cdn.heinemann-shop.com/images/h02/hb1/9462402646046.jpg,Gordon's,Gordon's Pink 37.5% 1L,1 l (€23.50 / 1 l),from €23.50
https://cdn.heinemann-shop.com/images/h87/h24/9400727109662.jpg,Whitley Neill,Whitley Neill Lemongrass & Ginger Gin 43% 1L,1 l (€33.90 / 1 l),€33.90
https://cdn.heinemann-shop.com/images/ha6/h41/9327867101214.jpg,Hendrick's,Hendrick's Gin 44% 1.75L,1.75 l (€43.37 / 1 l),from €75.90
https://cdn.heinemann-shop.com/images/h4f/hbe/9477395939358.jpg,Hendrick's,Hendrick's Gin Teacup 44% 1L,1 l (€45.90 / 1 l),from €45.90
https://cdn.heinemann-shop.com/images/h7a/ha9/9222012764190.jpg,Berliner Brandstifter,Berliner Brandstifter Gin 43.3% 0.7L,0.7 l (€54.14 / 1 l),€37.90
https://cdn.heinemann-shop.com/images/h38/h18/9379410444318.jpg,Botanist,The Botanist Islay Gin 46% 1L,1 l (€46.90 / 1 l),from €46.90
https://cdn.heinemann-shop.com/images/h93/hc5/9327664300062.jpg,Bulldog,Bulldog Gin 40% 1L,1 l (€29.90 / 1 l),from €29.90
https://cdn.heinemann-shop.com/images/h0f/h62/9438073552926.jpg,London Hill,London Hill Gin 43% 1L,1 l (€17.90 / 1 l),€17.90
https://cdn.heinemann-shop.com/images/hd6/he1/9380756422686.jpg,Harahorn,Harahorn Gin 46% 1L,1 l (€49.90 / 1 l),€49.90
https://cdn.heinemann-shop.com/images/h2e/h48/9462883549214.jpg,Malfy,Malfy Gin con Limone 41% 1L,1 l (€37.50 / 1 l),from €37.50
https://cdn.heinemann-shop.com/images/h77/h90/9476060610590.jpg,Beefeater,Beefeater Blood Orange 37.5% 1L,1 l (€23.90 / 1 l),from €23.90
https://cdn.heinemann-shop.com/images/h10/h46/9491364904990.jpg,G'Vine,G'Vine Floraison 40% 1L,1 l (€41.90 / 1 l),from €41.90
https://cdn.heinemann-shop.com/images/h46/h3b/9379363160094.jpg,Bombay,Bombay Sapphire 47% 2x1L Twinpack,2 l (€24.45 / 1 l),from €48.90
https://cdn.heinemann-shop.com/images/h36/ha1/9379005333534.jpg,Tanqueray,Tanqueray Special Dry Gin 47.3% 1L,1 l (€18.90 / 1 l),from €18.90
https://cdn.heinemann-shop.com/images/hf7/hfd/9498646675486.jpg,Bombay,Bombay Sapphire 47% 1L,1 l (€22.90 / 1 l),from €22.90
https://cdn.heinemann-shop.com/images/h47/h11/9480277360670.jpg,Gordon's,Gordon's Dry Gin 37.5% 1L,1 l (€20.50 / 1 l),from €20.50
https://cdn.heinemann-shop.com/images/h1a/h78/9462876405790.jpg,Bombay,Bombay English Estate 41% 1L GP,1 l (€29.90 / 1 l),from €29.90
https://cdn.heinemann-shop.com/images/hb4/h79/9380968431646.jpg,Hendrick's,Hendrick's Gin 44% 1L,1 l (€34.90 / 1 l),from €34.90
https://cdn.heinemann-shop.com/images/h1c/hf9/9519376859166.jpg,Bombay,Bombay Bramble 43% 1L,1 l (€31.90 / 1 l),from €31.90
https://cdn.heinemann-shop.com/images/h1d/h4c/9429302181918.jpg,Harahorn,Harahorn White Lemon 42% 0.5L,0.5 l (€55.80 / 1 l),from €27.90
https://cdn.heinemann-shop.com/images/h50/hed/9340287647774.jpg,Blue Bottle,Blue Bottle Gin 47% 0.7L,0.7 l (€59.86 / 1 l),€41.90
https://cdn.heinemann-shop.com/images/hc0/h53/9221799247902.jpg,Hartevelt,Hartevelt Jonge,1 l (€11.90 / 1 l),€11.90
https://cdn.heinemann-shop.com/images/hf9/hab/9221481693214.jpg,Bols,Bols Genever Amsterdam 42% 0.7L,0.7 l (€39.29 / 1 l),€27.50
https://cdn.heinemann-shop.com/images/h18/h2f/9221580783646.jpg,Bokma,Bokma Jong 35% 1L,1 l (€14.30 / 1 l),€14.30
https://cdn.heinemann-shop.com/images/h73/h69/9221518000158.jpg,Bols,Bols Corenwyn Steinkrug 38% 1L,1 l (€20.90 / 1 l),€20.90
https://cdn.heinemann-shop.com/images/hc8/h69/9390175518750.jpg,Bols,Bols Coebergh Bessen 20% 1L,1 l (€11.50 / 1 l),€11.50
https://cdn.heinemann-shop.com/images/h52/h5f/9222023381022.jpg,Bloom,Bloom London Dry Gin 40% 1L,1 l (€29.90 / 1 l),from €29.90
https://cdn.heinemann-shop.com/images/h95/haf/9462409363486.jpg,Tanqueray,Tanqueray Rangpur 41.3% 1L,1 l (€25.90 / 1 l),from €25.90
https://cdn.heinemann-shop.com/images/hba/hea/9340095037470.jpg,Reisetbauer,Reisetbauer Sloeberry Blue Gin 28% 1L,1 l (€35.90 / 1 l),from €35.90
https://cdn.heinemann-shop.com/images/h2d/h37/9221561090078.jpg,Bols,Bols Jonge Graanjenever 35% 1L,1 l (€14.90 / 1 l),€14.90
https://cdn.heinemann-shop.com/images/hcd/hf7/9221528551454.jpg,Bokma,Bokma Oude Friesche Genever 38% 1L,1 l (€15.70 / 1 l),€15.70
https://cdn.heinemann-shop.com/images/h6b/h98/8932114595870.jpg,Reisetbauer,Reisetbauer Blue Gin 43% 1L,1 l (€35.90 / 1 l),from €35.90
https://cdn.heinemann-shop.com/images/hcb/hd6/9462441508894.jpg,Gordon's,Gordon's London Dry Gin Twinpack 47.3% 2x1L,2 l (€17.45 / 1 l),from €34.90
https://cdn.heinemann-shop.com/images/hcc/he7/9221486215198.jpg,Caorunn,Caorunn Small Batch Scottish Gin 41.8% 1L,1 l (€39.90 / 1 l),€39.90
https://cdn.heinemann-shop.com/images/hf9/hb8/9221448302622.jpg,V2C,V2C Dutch Dry Classic Gin 41.5% 0.7L,0.7 l (€49.86 / 1 l),€34.90
https://cdn.heinemann-shop.com/images/hf3/heb/9378493399070.jpg,Gin Mare,Gin Mare Mediterranean Gin 42.7% 1L,1 l (€38.90 / 1 l),from €38.90
https://cdn.heinemann-shop.com/images/hf0/h92/9330850070558.jpg,Hendrick's,Hendrick's Gin 41.4% 0.375L GP,0.35 l (€74.00 / 1 l),€25.90
https://cdn.heinemann-shop.com/images/h56/hfe/9462894460958.jpg,Oxley,Oxley Gin 47% 1L,1 l (€39.90 / 1 l),€39.90
https://cdn.heinemann-shop.com/images/h56/h8f/9477396168734.jpg,Silver Tail,Silver Tail Gin 46% 0.5L,0.5 l (€39.00 / 1 l),€19.50
https://cdn.heinemann-shop.com/images/h3b/h10/9329691557918.jpg,The Stin,The Stin Styrian Dry Gin 47% 0.5L,0.5 l (€75.80 / 1 l),from €37.90
https://cdn.heinemann-shop.com/images/h3f/h52/9462362538014.jpg,Tanqueray,Tanqueray Sevilla 41.3% 1L,1 l (€24.90 / 1 l),from €24.90
https://cdn.heinemann-shop.com/images/ha5/h08/9272086396958.jpg,V2C,V2C Orange Dutch Dry Gin 41.5% 0.5L,0.5 l (€59.80 / 1 l),€29.90
https://cdn.heinemann-shop.com/images/h0c/h32/9138050564126.jpg,Needle,Needle Blackforest Distilled Dry Gin 40% 1L,1 l (€21.90 / 1 l),from €21.90
https://cdn.heinemann-shop.com/images/h71/h6c/9339820867614.jpg,Sakurao,Sakurao Japanese Dry Gin 47% 0.7L,0.7 l (€81.29 / 1 l),€56.90
https://cdn.heinemann-shop.com/images/ha4/h5d/9379369484318.jpg,Gunpowder,Drumshanbo Gunpowder Irish Gin 0.7L 43%,0.7 l (€67.00 / 1 l),€46.90
https://cdn.heinemann-shop.com/images/h25/h83/9340011282462.jpg,Jaisalmer,Jaisalmer Indian Craft Gin 43% 0.7L,0.7 l (€59.86 / 1 l),€41.90
https://cdn.heinemann-shop.com/images/h87/h91/9379369943070.jpg,Bobby's,Bobby's Schiedam Dry Gin 42% 1L,1 l (€45.90 / 1 l),€45.90
https://cdn.heinemann-shop.com/images/h5c/h7a/9090014052382.jpg,Chase,Chase Williams Elegant Gin 48% 1L,1 l (€49.90 / 1 l),€49.90
https://cdn.heinemann-shop.com/images/h3c/h26/9380956307486.jpg,Stroh,Stroh Original 60% 1L Flask,1 l (€17.90 / 1 l),from €17.90
https://cdn.heinemann-shop.com/images/h92/h24/9462884925470.jpg,Havana Club,Havana Club Seleccion de Maestros 45% 0.7L,0.7 l (€71.29 / 1 l),from €49.90
https://cdn.heinemann-shop.com/images/h66/hac/9378830057502.jpg,Plantation,Plantation Grande Reserve 40% 1L,1 l (€29.50 / 1 l),from €29.50
https://cdn.heinemann-shop.com/images/h05/h51/9462893314078.jpg,Bacardi,Bacardi Reserva Ocho 40% 1L,1 l (€34.90 / 1 l),from €34.90
https://cdn.heinemann-shop.com/images/h52/ha9/9462445015070.jpg,Bacardi,Bacardi Carta Blanca 37.5% 2x1L Twinpack,2 l (€14.95 / 1 l),from €29.90
https://cdn.heinemann-shop.com/images/ha3/h05/9221865013278.jpg,Appleton Rum,Appleton Estate Signature Blend 40% 1L,1 l (€21.50 / 1 l),from €21.50
https://cdn.heinemann-shop.com/images/h22/hf0/9462885842974.jpg,Single Cane,"Single Cane Consuelo 40% 1L, giftbox",1 l (€29.50 / 1 l),from €29.50
https://cdn.heinemann-shop.com/images/hba/he5/9462894231582.jpg,Havana Club,Havana Club Unión 40% 0.7L Gift Box,0.7 l (€414.14 / 1 l),from €289.90
https://cdn.heinemann-shop.com/images/h30/ha9/9329050288158.jpg,Ryoma,Ryoma Rum 7yo 40% 0.7L Giftpack,0.7 l (€94.14 / 1 l),from €65.90
https://cdn.heinemann-shop.com/images/h86/hca/9378799550494.jpg,Riise Rum,A.H. Riise Royal Danish Navy Rum 40% 0.7L giftpack,0.7 l (€61.29 / 1 l),from €42.90
https://cdn.heinemann-shop.com/images/hce/hce/9222800277534.jpg,Stroh,Stroh Jagertee 40% 1L,1 l (€15.30 / 1 l),from €15.30
https://cdn.heinemann-shop.com/images/h12/hae/9462892855326.jpg,Bacardi,Bacardi Razz 32% 1L,1 l (€18.30 / 1 l),from €18.30
https://cdn.heinemann-shop.com/images/ha5/h62/9462887972894.jpg,Bacardi,Bacardi Limon 32% 1L,1 l (€18.30 / 1 l),from €18.30
https://cdn.heinemann-shop.com/images/hd2/h6a/9462403334174.jpg,Zacapa,Ron Zacapa Centenario XO 40% 0.7L,0.7 l (€171.29 / 1 l),from €119.90
https://cdn.heinemann-shop.com/images/hf2/hc4/9222731333662.jpg,Stroh,Stroh Original 40% 0.5L,0.5 l (€19.40 / 1 l),from €9.70
https://cdn.heinemann-shop.com/images/h0e/hf4/9462355361822.jpg,Captain Morgan,Captain Morgan Dark Rum 40% 1L,1 l (€19.90 / 1 l),from €19.90
https://cdn.heinemann-shop.com/images/h61/ha1/9462892167198.jpg,Single Cane,"Single Cane Worthy Park 40% 1L, giftbox",1 l (€31.90 / 1 l),from €31.90
https://cdn.heinemann-shop.com/images/h72/h19/9462413492254.jpg,Zacapa,Zacapa Ambar 40% 1L,1 l (€39.90 / 1 l),from €39.90
https://cdn.heinemann-shop.com/images/h14/h28/9462895378462.jpg,Bacardi,Bacardi Anejo Cuatro 40% 1L,1 l (€24.50 / 1 l),from €24.50
https://cdn.heinemann-shop.com/images/ha4/hf3/9462896295966.jpg,Santa Teresa,"Santa Teresa Rum 40% 1L, Giftpack",1 l (€59.90 / 1 l),from €59.90
https://cdn.heinemann-shop.com/images/h90/h08/9516161466398.jpg,Riise Rum,A.H. Riise Non Plus Ultra Rum 42% 0.7L giftpack,0.7 l (€142.71 / 1 l),from €99.90
https://cdn.heinemann-shop.com/images/hf6/hba/9380851089438.jpg,Bacardi,Bacardi Carta Blanca 37.5% 1L,1 l (€13.90 / 1 l),from €13.90
https://cdn.heinemann-shop.com/images/h75/h86/9462892396574.jpg,Havana Club,Havana Club 3 year old 40% 1L,1 l (€20.50 / 1 l),from €20.50
https://cdn.heinemann-shop.com/images/h85/hb9/9221830279198.jpg,Flor de Caña,Flor de Caña Centenario 12yo 40% 1L giftbox,1 l (€38.90 / 1 l),from €38.90
https://cdn.heinemann-shop.com/images/hb8/hf7/9330662604830.jpg,Bacardi,Bacardi Ginger 1L 32%,1 l (€18.70 / 1 l),€18.70
https://cdn.heinemann-shop.com/images/hae/h5f/9462873325598.jpg,Bacardi,Bacardi Gran Reserva Diez 40% 1L,1 l (€49.90 / 1 l),from €49.90
https://cdn.heinemann-shop.com/images/h6d/h84/9491016187934.jpg,Bacardi,Bacardi Gran Reserva Especial 16y 40% 1L,1 l (€99.90 / 1 l),€99.90
https://cdn.heinemann-shop.com/images/h68/h9f/9462872866846.jpg,Bacardi,Bacardi Cuatro Sherry Cask 40% 1L,1 l (€27.90 / 1 l),from €27.90
https://cdn.heinemann-shop.com/images/hc3/heb/9416475836446.jpg,Sailor Jerry,Sailor Jerry Spiced Rum 40% 1L,1 l (€20.50 / 1 l),€20.50
https://cdn.heinemann-shop.com/images/h44/hf2/9462443868190.jpg,Zacapa,Zacapa 40% 1L,1 l (€54.90 / 1 l),from €54.90
https://cdn.heinemann-shop.com/images/h2e/h76/9221871796254.jpg,Appleton Rum,"Appleton Estate Rare Blend 12 Years 43% 0.7L, Tube",0.7 l (€46.43 / 1 l),from €32.50
https://cdn.heinemann-shop.com/images/hf6/h69/9378807021598.jpg,Riise Rum,A.H. Riise XO Reserve Rum 40% 0.7L giftpack,0.7 l (€61.29 / 1 l),from €42.90
https://cdn.heinemann-shop.com/images/h68/hf1/9221449809950.jpg,Matusalem,Matusalem Gran Reserva 15 yo 40% 1L,1 l (€41.50 / 1 l),from €41.50
https://cdn.heinemann-shop.com/images/hfc/h66/9378737913886.jpg,Plantation,Plantation 20th Anniversary 40% 0.7L,0.7 l (€65.57 / 1 l),from €45.90
https://cdn.heinemann-shop.com/images/h08/h3d/9462430924830.jpg,Pyrat,Pyrat XO Reserve 40% 0.7L,0.7 l (€62.71 / 1 l),from €43.90
https://cdn.heinemann-shop.com/images/h16/h08/9462885154846.jpg,Havana Club,Havana Club 7 year old 40% 1L,1 l (€32.90 / 1 l),from €32.90
https://cdn.heinemann-shop.com/images/h2c/h95/9462898819102.jpg,Pacto Navio,Pacto Navio 40% 0.7L,0.7 l (€48.43 / 1 l),from €33.90
https://cdn.heinemann-shop.com/images/h52/h7b/9380930945054.jpg,Bacardi,Bacardi Carta Negra 40% 1L,1 l (€18.70 / 1 l),from €18.70
https://cdn.heinemann-shop.com/images/h62/h6d/9462888202270.jpg,Havana Club,Havana Club Anejo Especial 40% 1L,1 l (€19.90 / 1 l),from €19.90
https://cdn.heinemann-shop.com/images/h5f/h34/9221885427742.jpg,Flor de Caña,Flor de Caña Gran Reserva 40% 1L,1 l (€25.50 / 1 l),from €25.50
https://cdn.heinemann-shop.com/images/hd6/h99/9462869131294.jpg,Bacardi,Bacardi Carta Oro 40% 1L,1 l (€18.70 / 1 l),from €18.70
https://cdn.heinemann-shop.com/images/h8e/h79/9462890790942.jpg,Bacardi,Bacardi Carta Blanca 37.5% 0.5L PET,0.5 l (€23.40 / 1 l),from €11.70
https://cdn.heinemann-shop.com/images/hac/h46/9339882176542.jpg,Stroh,Stroh Original 40% 0.2L,0.2 l (€38.50 / 1 l),from €7.70
https://cdn.heinemann-shop.com/images/hf4/h67/9462404481054.jpg,Bacardi,Bacardi Mango 32% 1L,1 l (€18.30 / 1 l),€18.30
https://cdn.heinemann-shop.com/images/h09/ha6/9462446161950.jpg,Zacapa,Zacapa Edición Negra 43% 1L,1 l (€98.90 / 1 l),from €98.90
https://cdn.heinemann-shop.com/images/hbd/hd3/9339079458846.jpg,Ron Brugal,Brugal Rum Anejo Reserva 38% 1L,1 l (€21.90 / 1 l),€21.90
https://cdn.heinemann-shop.com/images/hfb/h2a/9381025480734.jpg,Stroh,Stroh Original 40% 1L,1 l (€14.50 / 1 l),from €14.50
https://cdn.heinemann-shop.com/images/h4f/ha5/9379446751262.jpg,Stroh,Stroh Original 60% 0.5L PET,0.5 l (€21.00 / 1 l),€10.50
https://cdn.heinemann-shop.com/images/h6d/hbb/9221835554846.jpg,Flor de Caña,Flor de Caña Centenario 18yo 40% 1L giftbox,1 l (€54.90 / 1 l),from €54.90
https://cdn.heinemann-shop.com/images/h13/hf3/9221592842270.jpg,Goslings,Goslings Black Seal Rum 40% 1L,1 l (€19.90 / 1 l),from €19.90
https://cdn.heinemann-shop.com/images/h54/h3c/9221603459102.jpg,Goslings,Goslings Family Reserve Old Rum 40% 0.7L,0.7 l (€78.43 / 1 l),from €54.90
https://cdn.heinemann-shop.com/images/h65/h27/9221440012318.jpg,Matusalem,Matusalem Clásico 10 Years 40% 1L,1 l (€28.90 / 1 l),from €28.90
https://cdn.heinemann-shop.com/images/he4/h14/9429294153758.jpg,Riise Rum,Riise Centennial Celebration Rum 45% 0.7L giftpack,0.7 l (€142.71 / 1 l),from €99.90
https://cdn.heinemann-shop.com/images/h2e/h70/9379433414686.jpg,Koskenkorva,Koskenkorva Vodka 60% 0.5L PET,0.5 l (€18.60 / 1 l),€9.30
https://cdn.heinemann-shop.com/images/hd6/h87/9222839599134.jpg,Absolut,Absolut Mandrin 40% 1L,1 l (€21.90 / 1 l),€21.90
https://cdn.heinemann-shop.com/images/h55/h4a/9462868443166.jpg,Grey Goose,Grey Goose Le Citron 40% 1L,1 l (€51.90 / 1 l),from €51.90
https://cdn.heinemann-shop.com/images/h00/hb9/9462436331550.jpg,Smirnoff,"Smirnoff Red, flask, 40% 0.5L PET",0.5 l (€25.80 / 1 l),from €12.90
https://cdn.heinemann-shop.com/images/hea/h3d/9222716882974.jpg,Moskovskaya,Moskovskaya Vodka 40% 1L,1 l (€14.50 / 1 l),from €14.50
https://cdn.heinemann-shop.com/images/he1/hfc/9222757842974.jpg,Absolut,Absolut Apeach 40% 1L,1 l (€21.90 / 1 l),€21.90
https://cdn.heinemann-shop.com/images/h58/h75/9462355591198.jpg,Absolut,Absolut Citron 40% 0.5L,0.5 l (€26.60 / 1 l),€13.30
https://cdn.heinemann-shop.com/images/h44/h72/9462400122910.jpg,Absolut,Absolut Five 40% 5x0.05L,0.25 l (€78.80 / 1 l),€19.70
https://cdn.heinemann-shop.com/images/hbf/h04/9380705665054.jpg,Fisk,Fisk Classic Vodka Shot 30% 1L,1 l (€19.90 / 1 l),€19.90
https://cdn.heinemann-shop.com/images/hb0/h05/9462871195678.jpg,Grey Goose,Grey GooseLa Poire 40% 1L,1 l (€51.90 / 1 l),from €51.90
https://cdn.heinemann-shop.com/images/had/h10/9222814597150.jpg,Finlandia,Finlandia Vodka 40% 1.75L,1.75 l (€18.57 / 1 l),€32.50
https://cdn.heinemann-shop.com/images/hbf/hca/9462430236702.jpg,Absolut,Absolut Kurant 40% 0.5L,0.5 l (€26.60 / 1 l),€13.30
https://cdn.heinemann-shop.com/images/h8b/h38/9222794248222.jpg,Stolichnaya,Stolichnaya Salted Karamel 37.5% 1L,1 l (€18.90 / 1 l),€18.90
https://cdn.heinemann-shop.com/images/ha2/hec/9327840395294.jpg,Beluga,Beluga Vodka Allure 40% 0.7L,0.7 l (€147.00 / 1 l),€102.90
https://cdn.heinemann-shop.com/images/h21/hbc/9327692611614.jpg,Roberto Cavalli,Roberto Cavalli Vodka 40% 1L,1 l (€51.90 / 1 l),€51.90
https://cdn.heinemann-shop.com/images/h79/ha7/9462423584798.jpg,Grey Goose,Grey Goose Vodka 40% 3L,3 l (€50.97 / 1 l),from €152.90
https://cdn.heinemann-shop.com/images/hab/h8e/9378500837406.jpg,Ga-Jol,"Ga-Jol Vodka Pomegranate 16,4% 1L",1 l (€19.90 / 1 l),€19.90
https://cdn.heinemann-shop.com/images/hc9/ha9/9462427713566.jpg,Wyborowa,Wyborowa 1L 37.5%,1 l (€12.50 / 1 l),€12.50
https://cdn.heinemann-shop.com/images/hf2/h71/9222729826334.jpg,Our/Berlin Vodka,Our/Berlin Vodka 37.5% 0.35L,0.35 l (€41.43 / 1 l),€14.50
https://cdn.heinemann-shop.com/images/h96/h3b/9378830581790.jpg,Vikingfjord,Vikingfjord Vodka 37.5% 0.5L PET,0.5 l (€21.80 / 1 l),€10.90
https://cdn.heinemann-shop.com/images/h2a/he1/9222735855646.jpg,Crystal Head,Crystal Head Vodka 40% 1.75L giftpack,1.75 l (€84.51 / 1 l),€147.90
https://cdn.heinemann-shop.com/images/hc3/h44/9462873554974.jpg,Absolut,Absolut Vodka Blue 40% 0.2L,0.2 l (€38.50 / 1 l),€7.70
https://cdn.heinemann-shop.com/images/h18/h30/9222804045854.jpg,Vikingfjord,Vikingfjord Ice Shot Pure 20% 0.5L PET,0.5 l (€17.40 / 1 l),€8.70
https://cdn.heinemann-shop.com/images/h78/hf9/9222802538526.jpg,Vikingfjord,Vikingfjord Ice Shot Cactus Blossom & Lime 20% 0.5L PET,0.5 l (€17.40 / 1 l),€8.70
https://cdn.heinemann-shop.com/images/h24/h79/9222827507742.jpg,Egge,Egge Vodka Eple 40% 1L,1 l (€37.90 / 1 l),€37.90
https://cdn.heinemann-shop.com/images/h48/h0c/9378585542686.jpg,Crystal Head,Crystal Head Vodka 40% 1L Giftpack,1 l (€59.90 / 1 l),from €59.90
https://cdn.heinemann-shop.com/images/h6f/hc5/9418674733086.jpg,Beluga,Beluga Vodka Gold Line 40% 1L giftpack,1 l (€155.90 / 1 l),€155.90
https://cdn.heinemann-shop.com/images/ha3/h0e/9222778257438.jpg,Koskenkorva,Koskenkorva Blueberry Juniper 37.5% 0.5L PET,0.5 l (€13.80 / 1 l),€6.90
https://cdn.heinemann-shop.com/images/ha2/ha5/9330384338974.jpg,Danzka,Danzka The Spirit 44% 1L,1 l (€29.50 / 1 l),from €29.50
https://cdn.heinemann-shop.com/images/h19/hb4/9462891020318.jpg,Absolut,Absolut Vodka Lime 40% 1L,1 l (€21.90 / 1 l),from €21.90
https://cdn.heinemann-shop.com/images/h5c/h8b/9222781272094.jpg,Danzka,Danzka Vodka Cranraz 40% 1L,1 l (€16.50 / 1 l),from €16.50
https://cdn.heinemann-shop.com/images/h4c/h04/9330667159582.jpg,Beluga,Beluga Vodka 40% 1L,1 l (€51.90 / 1 l),from €51.90
https://cdn.heinemann-shop.com/images/hb0/h18/9462442950686.jpg,Smirnoff,Smirnoff Red Label 40% 1L GUS,1 l (€20.50 / 1 l),from €20.50
https://cdn.heinemann-shop.com/images/hd1/hab/9381022105630.jpg,Classic Cocktails,Classic Cocktails Raspberry Mojito 12.5% 1.5L BIB,1.5 l (€13.00 / 1 l),€19.50
https://cdn.heinemann-shop.com/images/h06/hbf/9462400811038.jpg,Absolut,Absolut Kurant 40% 1L,1 l (€21.90 / 1 l),€21.90
https://cdn.heinemann-shop.com/images/h85/h68/9222753255454.jpg,Absolut,Absolut 100 50% 1L,1 l (€29.90 / 1 l),€29.90
https://cdn.heinemann-shop.com/images/h9c/h25/9330558599198.jpg,Danzka,Danzka Vodka Currant 40% 1L,1 l (€16.50 / 1 l),from €16.50
https://cdn.heinemann-shop.com/images/hbf/hfd/9330781913118.jpg,Beluga,Beluga Vodka 40% 0.5L,0.5 l (€63.80 / 1 l),from €31.90
https://cdn.heinemann-shop.com/images/h98/h87/9462413721630.jpg,Smirnoff,Smirnoff Blue 50% 1L,1 l (€28.50 / 1 l),from €28.50
https://cdn.heinemann-shop.com/images/haf/hf4/9462410280990.jpg,Ciroc,Ciroc Vodka 40% 1L,1 l (€52.90 / 1 l),from €52.90
https://cdn.heinemann-shop.com/images/ha6/h2b/9222829801502.jpg,Amundsen,Amundsen Arctic Vodka 1L PET,1 l (€13.50 / 1 l),€13.50
https://cdn.heinemann-shop.com/images/h5b/h44/9462405922846.jpg,Ciroc,Ciroc Pineapple 37.5% 1L,1 l (€52.90 / 1 l),€52.90
https://cdn.heinemann-shop.com/images/h15/hc3/9222783533086.jpg,Our/Amsterdam,Our/Amsterdam Vodka 37.5% 0.35L,0.35 l (€42.57 / 1 l),€14.90
https://cdn.heinemann-shop.com/images/hef/hc1/9222759350302.jpg,Danzka,Danzka Minipack 40% 4x0.05L giftpack,0.2 l (€52.50 / 1 l),from €10.50
https://cdn.heinemann-shop.com/images/h02/h47/9222742638622.jpg,Shoot,Shoot Salty Liqourice Skulls16.4% 0.5L PET,0.5 l (€17.40 / 1 l),€8.70
https://cdn.heinemann-shop.com/images/hf4/h39/9222735101982.jpg,Shoot,Shoot Crazy Crocodile 16.4% 0.5L PET,0.5 l (€17.40 / 1 l),€8.70
https://cdn.heinemann-shop.com/images/h0f/hd3/9222738116638.jpg,Shoot,Shoot Sour Cola 16.4% 0.5L PET,0.5 l (€17.40 / 1 l),€8.70
https://cdn.heinemann-shop.com/images/hbb/h7e/9222740377630.jpg,Shoot,Shoot Fizzy Bubblegum 16.4% 0.5L PET,0.5 l (€17.40 / 1 l),€8.70
https://cdn.heinemann-shop.com/images/h62/hba/9330989760542.jpg,Stolichnaya,Stolichnaya Vodka Gold 40% 1L,1 l (€25.90 / 1 l),from €25.90
https://cdn.heinemann-shop.com/images/hdb/h50/9513539469342.jpg,Hot n'Sweet,Hot n'Sweet Vodka 32%0.5L PET*,0.5 l (€27.00 / 1 l),€13.50
https://cdn.heinemann-shop.com/images/he5/ha4/9379153051678.jpg,Hot n'Sweet,Hot'n Sweet Vodka 32% 1L*,1 l (€21.90 / 1 l),€21.90
https://cdn.heinemann-shop.com/images/hcd/h7c/9379225534494.jpg,Belvedere,Belvedere Vodka Janelle 40% 1L,1 l (€49.90 / 1 l),from €49.90
https://cdn.heinemann-shop.com/images/h05/h4d/9237850488862.jpg,Bornholm,"Bornholm Vodka 40% 0.7L GP, organic",0.7 l (€64.14 / 1 l),€44.90
https://cdn.heinemann-shop.com/images/haa/h42/9429288714270.jpg,Stolichnaya,Stolichnaya Lime Flavoured Premium Vodka 37.5% 1L,1 l (€18.90 / 1 l),€18.90
https://cdn.heinemann-shop.com/images/h27/h25/9380810817566.jpg,Russian Standard,Russian Standard Modern Icon 40% 1L,1 l (€16.90 / 1 l),from €16.90
https://cdn.heinemann-shop.com/images/hea/h0a/9429287796766.jpg,Beluga,Beluga Noble Russian Vodka 40% 1.5L,1.5 l (€50.60 / 1 l),from €75.90
https://cdn.heinemann-shop.com/images/h43/h86/9503568265246.jpg,Absolut,Absolut Passionfruit 40% 1L,1 l (€21.90 / 1 l),from €21.90
https://cdn.heinemann-shop.com/images/h0d/h22/9462866083870.jpg,Grey Goose,Grey Goose Vodka Tin Limited Edition 40% 1L,1 l (€51.90 / 1 l),from €51.90
https://cdn.heinemann-shop.com/images/h97/hee/9207200808990.jpg,Grasovka,Grasovka Vodka 38% 0.5L PET,0.5 l (€17.00 / 1 l),from €8.50
https://cdn.heinemann-shop.com/images/h68/h33/9294226948126.jpg,Grasovka,Grasovka Vodka 38% 0.1L,0.1 l (€67.00 / 1 l),from €6.70
https://cdn.heinemann-shop.com/images/h93/hb6/9462867984414.jpg,Absolut,Absolut Grapefruit 40% 1L,1 l (€21.90 / 1 l),from €21.90
https://cdn.heinemann-shop.com/images/h56/hdd/9206344941598.jpg,Koskenkorva,Koskenkorva Raspberry Pine 37.5% 0.5L,0.5 l (€13.80 / 1 l),€6.90
https://cdn.heinemann-shop.com/images/hf5/h64/9209166921758.jpg,Stolichnaya,Stolichnaya Cucumber Flavored Premium Vodka 37.5% 1L,1 l (€18.90 / 1 l),€18.90
https://cdn.heinemann-shop.com/images/ha3/h8b/9462880796702.jpg,Grey Goose,Grey Goose La Vanille 40% 1L,1 l (€51.90 / 1 l),from €51.90
https://cdn.heinemann-shop.com/images/h4e/h19/9330891849758.jpg,Finlandia,Finlandia Vodka 40% 1L,1 l (€18.30 / 1 l),from €18.30
https://cdn.heinemann-shop.com/images/h8e/h6c/9380982161438.jpg,Stolichnaya,Stolichnaya Premium Vodka 40% 1L,1 l (€17.30 / 1 l),from €17.30
https://cdn.heinemann-shop.com/images/h42/h40/9462874800158.jpg,Absolut,Absolut Raspberri 40% 1L,1 l (€21.90 / 1 l),from €21.90
https://cdn.heinemann-shop.com/images/h69/h9d/9462889578526.jpg,Grey Goose,Grey Goose Vodka 40% 1L,1 l (€51.90 / 1 l),from €51.90
https://cdn.heinemann-shop.com/images/h51/hff/9222750240798.jpg,Finlandia,Finlandia Vodka 40% 2x1L,2 l (€14.75 / 1 l),from €29.50
https://cdn.heinemann-shop.com/images/h2b/hb5/9380833656862.jpg,Classic Cocktails,Classic Cocktails Mojito 12.5% 1.5L BIB,1.5 l (€13.00 / 1 l),€19.50
https://cdn.heinemann-shop.com/images/h29/h7d/9327644901406.jpg,Three Sixty,Three Sixty Vodka 37.5% 1L,1 l (€16.50 / 1 l),€16.50
https://cdn.heinemann-shop.com/images/he9/h04/9433117491230.jpg,Danzka,Danzka Vodka Citrus 40% 1L,1 l (€16.50 / 1 l),from €16.50
https://cdn.heinemann-shop.com/images/h1d/hed/9378841985054.jpg,Vikingfjord,Vikingfjord Vodka 37.5% 1L,1 l (€17.50 / 1 l),€17.50
https://cdn.heinemann-shop.com/images/h0a/h46/9222713081886.jpg,Absolut,Absolut Vanilia 40% 1L,1 l (€21.90 / 1 l),€21.90
https://cdn.heinemann-shop.com/images/h14/h02/9462875488286.jpg,Grey Goose,"Grey Goose Vodka VX 40% 1L, Gift box",1 l (€99.90 / 1 l),from €99.90
https://cdn.heinemann-shop.com/images/hee/h83/9462873784350.jpg,Absolut,Absolut Mango 40% 1L,1 l (€21.90 / 1 l),from €21.90
https://cdn.heinemann-shop.com/images/h5d/hb5/9462887448606.jpg,Absolut,Absolut 40% 1L,1 l (€15.90 / 1 l),from €15.90
https://cdn.heinemann-shop.com/images/h6a/h4d/9331052249118.jpg,Danzka,Danzka Vodka Fifty 50% 1L,1 l (€18.90 / 1 l),from €18.90
https://cdn.heinemann-shop.com/images/hca/h80/9462875258910.jpg,Absolut,Absolut Citron 40% 1L,1 l (€21.90 / 1 l),from €21.90
https://cdn.heinemann-shop.com/images/h5d/h82/9222744145950.jpg,Koskenkorva,Koskenkorva Lemon Lime Yarrow 37.5% 1L,1 l (€12.30 / 1 l),€12.30
https://cdn.heinemann-shop.com/images/h6e/h66/9237848915998.jpg,Grasovka,Grasovka Vodka 38% 1L,1 l (€15.50 / 1 l),from €15.50
https://cdn.heinemann-shop.com/images/h5a/h99/9330118885406.jpg,Skyy,Skyy Vodka 40% 1L,1 l (€14.90 / 1 l),€14.90
https://cdn.heinemann-shop.com/images/hd7/h0b/9462890037278.jpg,Grey Goose,Grey Goose Vodka 40% 0.2L,0.2 l (€64.50 / 1 l),from €12.90
https://cdn.heinemann-shop.com/images/h05/h5d/9330717294622.jpg,Danzka,Danzka Vodka 40% 1L,1 l (€16.50 / 1 l),from €16.50
https://cdn.heinemann-shop.com/images/hb8/h92/9462884696094.jpg,Absolut,Absolut 40% 0.5L,0.5 l (€26.60 / 1 l),from €13.30
https://cdn.heinemann-shop.com/images/h72/h84/9380833886238.jpg,Koskenkorva,Koskenkorva Vodka 40% 1L,1 l (€14.30 / 1 l),from €14.30
https://cdn.heinemann-shop.com/images/h60/h52/9462407757854.jpg,Smirnoff,Smirnoff Red Label 37.5% 1L,1 l (€19.90 / 1 l),from €19.90
https://cdn.heinemann-shop.com/images/hf4/ha6/9379115139102.jpg,Danzka,Danzka Vodka Twinpack 40% 2x1L,2 l (€13.45 / 1 l),from €26.90
https://cdn.heinemann-shop.com/images/hae/h80/9329749327902.jpg,Three Sixty,Three Sixty Vodka Black 42 42% 1 L,1 l (€18.50 / 1 l),€18.50
https://cdn.heinemann-shop.com/images/h4c/hf0/9380900372510.jpg,Belvedere,Belvedere Pure 1L,1 l (€34.90 / 1 l),from €34.90
https://cdn.heinemann-shop.com/images/h4f/he9/9462899867678.jpg,Grey Goose,Grey Goose L'Orange 40% 1L,1 l (€51.90 / 1 l),from €51.90
https://cdn.heinemann-shop.com/images/h5b/h7f/9329169563678.jpg,Russian Standard,Russian Standard Vodka Platinum 40% 1L,1 l (€27.90 / 1 l),from €27.90
https://cdn.heinemann-shop.com/images/h5b/hf1/9329816633374.jpg,Russian Standard,Russian Standard Vodka 40% 1L,1 l (€16.90 / 1 l),from €16.90
https://cdn.heinemann-shop.com/images/hf7/h9e/9386627727390.jpg,Beluga,"Beluga Vodka 40% 1L, giftbox",1 l (€65.90 / 1 l),€65.90
https://cdn.heinemann-shop.com/images/he9/h9e/9222832816158.jpg,Seksti,Seksti Brennevin 60% 0.5L PET*,0.5 l (€27.00 / 1 l),€13.50
https://cdn.heinemann-shop.com/images/h57/he9/9380560896030.jpg,Ga-Jol,Ga-Jol Original Blue Vodka 30% 1L,1 l (€19.90 / 1 l),€19.90
https://cdn.heinemann-shop.com/images/h8b/h38/9222794248222.jpg,Stolichnaya,Stolichnaya Salted Karamel 37.5% 1L,1 l (€18.90 / 1 l),€18.90
https://cdn.heinemann-shop.com/images/ha2/hec/9327840395294.jpg,Beluga,Beluga Vodka Allure 40% 0.7L,0.7 l (€147.00 / 1 l),€102.90
https://cdn.heinemann-shop.com/images/h21/hbc/9327692611614.jpg,Roberto Cavalli,Roberto Cavalli Vodka 40% 1L,1 l (€51.90 / 1 l),€51.90
https://cdn.heinemann-shop.com/images/h79/ha7/9462423584798.jpg,Grey Goose,Grey Goose Vodka 40% 3L,3 l (€50.97 / 1 l),from €152.90
https://cdn.heinemann-shop.com/images/hab/h8e/9378500837406.jpg,Ga-Jol,"Ga-Jol Vodka Pomegranate 16,4% 1L",1 l (€19.90 / 1 l),€19.90
https://cdn.heinemann-shop.com/images/hc9/ha9/9462427713566.jpg,Wyborowa,Wyborowa 1L 37.5%,1 l (€12.50 / 1 l),€12.50
https://cdn.heinemann-shop.com/images/hf2/h71/9222729826334.jpg,Our/Berlin Vodka,Our/Berlin Vodka 37.5% 0.35L,0.35 l (€41.43 / 1 l),€14.50
https://cdn.heinemann-shop.com/images/h96/h3b/9378830581790.jpg,Vikingfjord,Vikingfjord Vodka 37.5% 0.5L PET,0.5 l (€21.80 / 1 l),€10.90
https://cdn.heinemann-shop.com/images/h2a/he1/9222735855646.jpg,Crystal Head,Crystal Head Vodka 40% 1.75L giftpack,1.75 l (€84.51 / 1 l),€147.90
https://cdn.heinemann-shop.com/images/hc3/h44/9462873554974.jpg,Absolut,Absolut Vodka Blue 40% 0.2L,0.2 l (€38.50 / 1 l),€7.70
https://cdn.heinemann-shop.com/images/ha6/h2b/9222829801502.jpg,Amundsen,Amundsen Arctic Vodka 1L PET,1 l (€13.50 / 1 l),€13.50
https://cdn.heinemann-shop.com/images/h5b/h44/9462405922846.jpg,Ciroc,Ciroc Pineapple 37.5% 1L,1 l (€52.90 / 1 l),€52.90
https://cdn.heinemann-shop.com/images/h18/h30/9222804045854.jpg,Vikingfjord,Vikingfjord Ice Shot Pure 20% 0.5L PET,0.5 l (€17.40 / 1 l),€8.70
https://cdn.heinemann-shop.com/images/h78/hf9/9222802538526.jpg,Vikingfjord,Vikingfjord Ice Shot Cactus Blossom & Lime 20% 0.5L PET,0.5 l (€17.40 / 1 l),€8.70
https://cdn.heinemann-shop.com/images/h24/h79/9222827507742.jpg,Egge,Egge Vodka Eple 40% 1L,1 l (€37.90 / 1 l),€37.90
https://cdn.heinemann-shop.com/images/h48/h0c/9378585542686.jpg,Crystal Head,Crystal Head Vodka 40% 1L Giftpack,1 l (€59.90 / 1 l),from €59.90
https://cdn.heinemann-shop.com/images/h6f/hc5/9418674733086.jpg,Beluga,Beluga Vodka Gold Line 40% 1L giftpack,1 l (€155.90 / 1 l),€155.90
https://cdn.heinemann-shop.com/images/ha3/h0e/9222778257438.jpg,Koskenkorva,Koskenkorva Blueberry Juniper 37.5% 0.5L PET,0.5 l (€13.80 / 1 l),€6.90
https://cdn.heinemann-shop.com/images/ha2/ha5/9330384338974.jpg,Danzka,Danzka The Spirit 44% 1L,1 l (€29.50 / 1 l),from €29.50
https://cdn.heinemann-shop.com/images/h15/hc3/9222783533086.jpg,Our/Amsterdam,Our/Amsterdam Vodka 37.5% 0.35L,0.35 l (€42.57 / 1 l),€14.90
https://cdn.heinemann-shop.com/images/h2e/h70/9379433414686.jpg,Koskenkorva,Koskenkorva Vodka 60% 0.5L PET,0.5 l (€18.60 / 1 l),€9.30
https://cdn.heinemann-shop.com/images/hd6/h87/9222839599134.jpg,Absolut,Absolut Mandrin 40% 1L,1 l (€21.90 / 1 l),€21.90
https://cdn.heinemann-shop.com/images/h55/h4a/9462868443166.jpg,Grey Goose,Grey Goose Le Citron 40% 1L,1 l (€51.90 / 1 l),from €51.90
https://cdn.heinemann-shop.com/images/h00/hb9/9462436331550.jpg,Smirnoff,"Smirnoff Red, flask, 40% 0.5L PET",0.5 l (€25.80 / 1 l),from €12.90
https://cdn.heinemann-shop.com/images/hea/h3d/9222716882974.jpg,Moskovskaya,Moskovskaya Vodka 40% 1L,1 l (€14.50 / 1 l),from €14.50
https://cdn.heinemann-shop.com/images/he1/hfc/9222757842974.jpg,Absolut,Absolut Apeach 40% 1L,1 l (€21.90 / 1 l),€21.90
https://cdn.heinemann-shop.com/images/h58/h75/9462355591198.jpg,Absolut,Absolut Citron 40% 0.5L,0.5 l (€26.60 / 1 l),€13.30
https://cdn.heinemann-shop.com/images/h44/h72/9462400122910.jpg,Absolut,Absolut Five 40% 5x0.05L,0.25 l (€78.80 / 1 l),€19.70
https://cdn.heinemann-shop.com/images/hbf/h04/9380705665054.jpg,Fisk,Fisk Classic Vodka Shot 30% 1L,1 l (€19.90 / 1 l),€19.90
https://cdn.heinemann-shop.com/images/hb0/h05/9462871195678.jpg,Grey Goose,Grey GooseLa Poire 40% 1L,1 l (€51.90 / 1 l),from €51.90
https://cdn.heinemann-shop.com/images/had/h10/9222814597150.jpg,Finlandia,Finlandia Vodka 40% 1.75L,1.75 l (€18.57 / 1 l),€32.50
https://cdn.heinemann-shop.com/images/hbf/hca/9462430236702.jpg,Absolut,Absolut Kurant 40% 0.5L,0.5 l (€26.60 / 1 l),€13.30
https://cdn.heinemann-shop.com/images/h5c/h8b/9222781272094.jpg,Danzka,Danzka Vodka Cranraz 40% 1L,1 l (€16.50 / 1 l),from €16.50
https://cdn.heinemann-shop.com/images/h4c/h04/9330667159582.jpg,Beluga,Beluga Vodka 40% 1L,1 l (€51.90 / 1 l),from €51.90
https://cdn.heinemann-shop.com/images/hb0/h18/9462442950686.jpg,Smirnoff,Smirnoff Red Label 40% 1L GUS,1 l (€20.50 / 1 l),from €20.50
https://cdn.heinemann-shop.com/images/hd1/hab/9381022105630.jpg,Classic Cocktails,Classic Cocktails Raspberry Mojito 12.5% 1.5L BIB,1.5 l (€13.00 / 1 l),€19.50
https://cdn.heinemann-shop.com/images/h06/hbf/9462400811038.jpg,Absolut,Absolut Kurant 40% 1L,1 l (€21.90 / 1 l),€21.90
https://cdn.heinemann-shop.com/images/h85/h68/9222753255454.jpg,Absolut,Absolut 100 50% 1L,1 l (€29.90 / 1 l),€29.90
https://cdn.heinemann-shop.com/images/h9c/h25/9330558599198.jpg,Danzka,Danzka Vodka Currant 40% 1L,1 l (€16.50 / 1 l),from €16.50
https://cdn.heinemann-shop.com/images/hbf/hfd/9330781913118.jpg,Beluga,Beluga Vodka 40% 0.5L,0.5 l (€63.80 / 1 l),from €31.90
https://cdn.heinemann-shop.com/images/h98/h87/9462413721630.jpg,Smirnoff,Smirnoff Blue 50% 1L,1 l (€28.50 / 1 l),from €28.50
https://cdn.heinemann-shop.com/images/haf/hf4/9462410280990.jpg,Ciroc,Ciroc Vodka 40% 1L,1 l (€52.90 / 1 l),from €52.90
https://cdn.heinemann-shop.com/images/h19/hb4/9462891020318.jpg,Absolut,Absolut Vodka Lime 40% 1L,1 l (€21.90 / 1 l),from €21.90
https://cdn.heinemann-shop.com/images/hef/hc1/9222759350302.jpg,Danzka,Danzka Minipack 40% 4x0.05L giftpack,0.2 l (€52.50 / 1 l),from €10.50
https://cdn.heinemann-shop.com/images/h02/h47/9222742638622.jpg,Shoot,Shoot Salty Liqourice Skulls16.4% 0.5L PET,0.5 l (€17.40 / 1 l),€8.70
https://cdn.heinemann-shop.com/images/hf4/h39/9222735101982.jpg,Shoot,Shoot Crazy Crocodile 16.4% 0.5L PET,0.5 l (€17.40 / 1 l),€8.70
https://cdn.heinemann-shop.com/images/h0f/hd3/9222738116638.jpg,Shoot,Shoot Sour Cola 16.4% 0.5L PET,0.5 l (€17.40 / 1 l),€8.70
https://cdn.heinemann-shop.com/images/hbb/h7e/9222740377630.jpg,Shoot,Shoot Fizzy Bubblegum 16.4% 0.5L PET,0.5 l (€17.40 / 1 l),€8.70
https://cdn.heinemann-shop.com/images/h62/hba/9330989760542.jpg,Stolichnaya,Stolichnaya Vodka Gold 40% 1L,1 l (€25.90 / 1 l),from €25.90
https://cdn.heinemann-shop.com/images/hdb/h50/9513539469342.jpg,Hot n'Sweet,Hot n'Sweet Vodka 32%0.5L PET*,0.5 l (€27.00 / 1 l),€13.50
https://cdn.heinemann-shop.com/images/he5/ha4/9379153051678.jpg,Hot n'Sweet,Hot'n Sweet Vodka 32% 1L*,1 l (€21.90 / 1 l),€21.90
https://cdn.heinemann-shop.com/images/h0d/h22/9462866083870.jpg,Grey Goose,Grey Goose Vodka Tin Limited Edition 40% 1L,1 l (€51.90 / 1 l),from €51.90
https://cdn.heinemann-shop.com/images/h97/hee/9207200808990.jpg,Grasovka,Grasovka Vodka 38% 0.5L PET,0.5 l (€17.00 / 1 l),from €8.50
https://cdn.heinemann-shop.com/images/h68/h33/9294226948126.jpg,Grasovka,Grasovka Vodka 38% 0.1L,0.1 l (€67.00 / 1 l),from €6.70
https://cdn.heinemann-shop.com/images/h93/hb6/9462867984414.jpg,Absolut,Absolut Grapefruit 40% 1L,1 l (€21.90 / 1 l),from €21.90
https://cdn.heinemann-shop.com/images/h56/hdd/9206344941598.jpg,Koskenkorva,Koskenkorva Raspberry Pine 37.5% 0.5L,0.5 l (€13.80 / 1 l),€6.90
https://cdn.heinemann-shop.com/images/hf5/h64/9209166921758.jpg,Stolichnaya,Stolichnaya Cucumber Flavored Premium Vodka 37.5% 1L,1 l (€18.90 / 1 l),€18.90
https://cdn.heinemann-shop.com/images/ha3/h8b/9462880796702.jpg,Grey Goose,Grey Goose La Vanille 40% 1L,1 l (€51.90 / 1 l),from €51.90
https://cdn.heinemann-shop.com/images/hcd/h7c/9379225534494.jpg,Belvedere,Belvedere Vodka Janelle 40% 1L,1 l (€49.90 / 1 l),from €49.90
https://cdn.heinemann-shop.com/images/h05/h4d/9237850488862.jpg,Bornholm,"Bornholm Vodka 40% 0.7L GP, organic",0.7 l (€64.14 / 1 l),€44.90
https://cdn.heinemann-shop.com/images/haa/h42/9429288714270.jpg,Stolichnaya,Stolichnaya Lime Flavoured Premium Vodka 37.5% 1L,1 l (€18.90 / 1 l),€18.90
https://cdn.heinemann-shop.com/images/h27/h25/9380810817566.jpg,Russian Standard,Russian Standard Modern Icon 40% 1L,1 l (€16.90 / 1 l),from €16.90
https://cdn.heinemann-shop.com/images/hea/h0a/9429287796766.jpg,Beluga,Beluga Noble Russian Vodka 40% 1.5L,1.5 l (€50.60 / 1 l),from €75.90
https://cdn.heinemann-shop.com/images/h43/h86/9503568265246.jpg,Absolut,Absolut Passionfruit 40% 1L,1 l (€21.90 / 1 l),from €21.90
https://cdn.heinemann-shop.com/images/h4e/h19/9330891849758.jpg,Finlandia,Finlandia Vodka 40% 1L,1 l (€18.30 / 1 l),from €18.30
https://cdn.heinemann-shop.com/images/h8e/h6c/9380982161438.jpg,Stolichnaya,Stolichnaya Premium Vodka 40% 1L,1 l (€17.30 / 1 l),from €17.30
https://cdn.heinemann-shop.com/images/h42/h40/9462874800158.jpg,Absolut,Absolut Raspberri 40% 1L,1 l (€21.90 / 1 l),from €21.90
https://cdn.heinemann-shop.com/images/h69/h9d/9462889578526.jpg,Grey Goose,Grey Goose Vodka 40% 1L,1 l (€51.90 / 1 l),from €51.90
https://cdn.heinemann-shop.com/images/h51/hff/9222750240798.jpg,Finlandia,Finlandia Vodka 40% 2x1L,2 l (€14.75 / 1 l),from €29.50
https://cdn.heinemann-shop.com/images/h2b/hb5/9380833656862.jpg,Classic Cocktails,Classic Cocktails Mojito 12.5% 1.5L BIB,1.5 l (€13.00 / 1 l),€19.50
https://cdn.heinemann-shop.com/images/h29/h7d/9327644901406.jpg,Three Sixty,Three Sixty Vodka 37.5% 1L,1 l (€16.50 / 1 l),€16.50
https://cdn.heinemann-shop.com/images/he9/h04/9433117491230.jpg,Danzka,Danzka Vodka Citrus 40% 1L,1 l (€16.50 / 1 l),from €16.50
https://cdn.heinemann-shop.com/images/h1d/hed/9378841985054.jpg,Vikingfjord,Vikingfjord Vodka 37.5% 1L,1 l (€17.50 / 1 l),€17.50
https://cdn.heinemann-shop.com/images/h0a/h46/9222713081886.jpg,Absolut,Absolut Vanilia 40% 1L,1 l (€21.90 / 1 l),€21.90
https://cdn.heinemann-shop.com/images/h14/h02/9462875488286.jpg,Grey Goose,"Grey Goose Vodka VX 40% 1L, Gift box",1 l (€99.90 / 1 l),from €99.90
https://cdn.heinemann-shop.com/images/hee/h83/9462873784350.jpg,Absolut,Absolut Mango 40% 1L,1 l (€21.90 / 1 l),from €21.90
https://cdn.heinemann-shop.com/images/h5d/hb5/9462887448606.jpg,Absolut,Absolut 40% 1L,1 l (€15.90 / 1 l),from €15.90
https://cdn.heinemann-shop.com/images/h6a/h4d/9331052249118.jpg,Danzka,Danzka Vodka Fifty 50% 1L,1 l (€18.90 / 1 l),from €18.90
https://cdn.heinemann-shop.com/images/hca/h80/9462875258910.jpg,Absolut,Absolut Citron 40% 1L,1 l (€21.90 / 1 l),from €21.90
https://cdn.heinemann-shop.com/images/h5d/h82/9222744145950.jpg,Koskenkorva,Koskenkorva Lemon Lime Yarrow 37.5% 1L,1 l (€12.30 / 1 l),€12.30
https://cdn.heinemann-shop.com/images/h6e/h66/9237848915998.jpg,Grasovka,Grasovka Vodka 38% 1L,1 l (€15.50 / 1 l),from €15.50
https://cdn.heinemann-shop.com/images/h5a/h99/9330118885406.jpg,Skyy,Skyy Vodka 40% 1L,1 l (€14.90 / 1 l),€14.90
https://cdn.heinemann-shop.com/images/hd7/h0b/9462890037278.jpg,Grey Goose,Grey Goose Vodka 40% 0.2L,0.2 l (€64.50 / 1 l),from €12.90
https://cdn.heinemann-shop.com/images/h05/h5d/9330717294622.jpg,Danzka,Danzka Vodka 40% 1L,1 l (€16.50 / 1 l),from €16.50
https://cdn.heinemann-shop.com/images/hb8/h92/9462884696094.jpg,Absolut,Absolut 40% 0.5L,0.5 l (€26.60 / 1 l),from €13.30
https://cdn.heinemann-shop.com/images/h72/h84/9380833886238.jpg,Koskenkorva,Koskenkorva Vodka 40% 1L,1 l (€14.30 / 1 l),from €14.30
https://cdn.heinemann-shop.com/images/h60/h52/9462407757854.jpg,Smirnoff,Smirnoff Red Label 37.5% 1L,1 l (€19.90 / 1 l),from €19.90
https://cdn.heinemann-shop.com/images/hf4/ha6/9379115139102.jpg,Danzka,Danzka Vodka Twinpack 40% 2x1L,2 l (€13.45 / 1 l),from €26.90
https://cdn.heinemann-shop.com/images/hae/h80/9329749327902.jpg,Three Sixty,Three Sixty Vodka Black 42 42% 1 L,1 l (€18.50 / 1 l),€18.50
https://cdn.heinemann-shop.com/images/h4c/hf0/9380900372510.jpg,Belvedere,Belvedere Pure 1L,1 l (€34.90 / 1 l),from €34.90
https://cdn.heinemann-shop.com/images/h6a/h6a/9340647997470.jpg,Grasovka,Grasovka Vodka 40% 0.1L Flask,0.1 l (€73.00 / 1 l),€7.30
https://cdn.heinemann-shop.com/images/hb1/h9d/9462447996958.jpg,Smirnoff,Smirnoff Red Label twin pack 37.5% 2x1L,2 l (€16.95 / 1 l),from €33.90
https://cdn.heinemann-shop.com/images/h42/h5e/9337881690142.jpg,Edelweiss,Edelweiss Vodka 40% 0.7L,0.7 l (€51.29 / 1 l),from €35.90
https://cdn.heinemann-shop.com/images/hd9/hdf/9379026337822.jpg,Beluga,Beluga Vodka 40% 2x1L,2 l (€49.95 / 1 l),€99.90
https://cdn.heinemann-shop.com/images/hb7/h03/9378538061854.jpg,Beluga,Beluga Vodka 40% 1L Onpack,1 l (€53.90 / 1 l),€53.90
https://cdn.heinemann-shop.com/images/h97/h43/9222760103966.jpg,Absolut,Absolut Vodka Elyx 42.3% 1L,1 l (€53.90 / 1 l),€53.90
https://cdn.heinemann-shop.com/images/h9f/h5c/9504756367390.jpg,Underberg,Underberg 44% 30x0.02L,0.6 l (€46.50 / 1 l),from €27.90
https://cdn.heinemann-shop.com/images/h2c/hcc/9380817338398.jpg,Underberg,Underberg 44% 5x0.02L,0.1 l (€47.00 / 1 l),from €4.70
https://cdn.heinemann-shop.com/images/ha0/hb0/9221597429790.jpg,1-Enkelt,1-Enkelt Bitter 35% 0.5L PET,0.5 l (€29.80 / 1 l),€14.90
https://cdn.heinemann-shop.com/images/hf3/hb4/9380856692766.jpg,Dr. Nielsen,Original Dr. Nielsen's Bitter 38% 0.5L PET,0.5 l (€27.80 / 1 l),€13.90
https://cdn.heinemann-shop.com/images/h7b/h98/9221800755230.jpg,Fernet Branca,Fernet Branca 39% 0.5L,0.5 l (€22.60 / 1 l),€11.30
https://cdn.heinemann-shop.com/images/h33/hb7/9221571706910.jpg,Zwack,Zwack Unicum 40% 1L,1 l (€24.50 / 1 l),from €24.50
https://cdn.heinemann-shop.com/images/h5d/he1/9380602478622.jpg,Underberg,Underberg 44% 25x0.02L,0.5 l (€41.80 / 1 l),from €20.90
https://cdn.heinemann-shop.com/images/h2a/h2b/9462435643422.jpg,Pimm's Cup,Pimm's Cup No.1 25% 1L,1 l (€20.90 / 1 l),from €20.90
https://cdn.heinemann-shop.com/images/hea/h73/9462888661022.jpg,Yeni Raki,Yeni Raki 45% 1L,1 l (€23.50 / 1 l),€23.50
https://cdn.heinemann-shop.com/images/h00/h0b/9378821242910.jpg,Gammel Dansk,Gammel Dansk Bitter.38% 0.5L PET*,0.5 l (€25.00 / 1 l),€12.50
https://cdn.heinemann-shop.com/images/h34/h9a/9379105701918.jpg,Gammel Dansk,Gammel Dansk Bitter Dram 38% 1L*,1 l (€19.50 / 1 l),€19.50
https://cdn.heinemann-shop.com/images/h74/h30/9221985566750.jpg,Underberg,Underberg Jewelry box 44% 15x0.02L,0.3 l (€47.67 / 1 l),from €14.30
https://cdn.heinemann-shop.com/images/hf1/h0f/9327711092766.jpg,Absente,"Absente 55% 0.7L, gift box",0.7 l (€29.86 / 1 l),from €20.90
https://cdn.heinemann-shop.com/images/h67/hd9/9221820416030.jpg,Dr. Nielsen,Frøken Nielsens Sommersnaps 38% 0.5L,0.5 l (€27.80 / 1 l),€13.90
https://cdn.heinemann-shop.com/images/hcb/h75/9462445473822.jpg,Ramazzotti,Ramazzotti Aperitivo Rosato 15% 1L,1 l (€15.30 / 1 l),€15.30
https://cdn.heinemann-shop.com/images/hb1/h4e/9228385058846.jpg,Absente,"Absente 55% 0.1L, giftpack",0.1 l (€97.00 / 1 l),€9.70
https://cdn.heinemann-shop.com/images/hc4/h71/9462883090462.jpg,Pernod,Pernod 40% 1L,1 l (€19.70 / 1 l),from €19.70
https://cdn.heinemann-shop.com/images/h28/h55/9221580029982.jpg,1-Enkelt,1-Enkelt Bitter 35% 1L,1 l (€23.90 / 1 l),€23.90
https://cdn.heinemann-shop.com/images/h74/h74/9379450028062.jpg,Valhalla,Valhalla 35% 1L,1 l (€22.50 / 1 l),€22.50
https://cdn.heinemann-shop.com/images/ha8/h6d/9378641444894.jpg,Riga Black Balsam,Riga Black Balsam Twinpack; Riga Black Balsam Classic 45% 0.5L and Riga Black Balsam Currant 30% 0.5L,1 l (€20.90 / 1 l),€20.90
https://cdn.heinemann-shop.com/images/h8e/h13/9221867274270.jpg,Campari,Campari Bitter 25% 0.5L,0.5 l (€20.60 / 1 l),€10.30
https://cdn.heinemann-shop.com/images/hc1/hc2/9380934320158.jpg,Fernet Branca,Fernet Branca 39% 1L,1 l (€18.90 / 1 l),from €18.90
https://cdn.heinemann-shop.com/images/he3/hfa/9221514985502.jpg,Radeberger Bitter,Radeberger Bitter 35% 1L,1 l (€9.90 / 1 l),€9.90
https://cdn.heinemann-shop.com/images/h4a/hd6/9329168580638.jpg,Ouzo 12,Ouzo 12 40% 1L,1 l (€13.90 / 1 l),from €13.90
https://cdn.heinemann-shop.com/images/h75/ha2/9390179811358.jpg,Bache-Gabrielsen,"Bache-Gabrielsen, Pineau des Charantes, white 17% 0.75L",0.75 l (€26.53 / 1 l),€19.90
https://cdn.heinemann-shop.com/images/h08/h32/9511435927582.jpg,Ricard,Ricard 45% 1L,1 l (€18.90 / 1 l),€18.90
https://cdn.heinemann-shop.com/images/h4a/hf2/9221728927774.jpg,Fernet Branca,Fernet Branca Brancamenta 28% 1L,1 l (€18.90 / 1 l),€18.90
https://cdn.heinemann-shop.com/images/hab/h38/9380904960030.jpg,Campari,Campari Bitter 25% 1L,1 l (€14.90 / 1 l),from €14.90
https://cdn.heinemann-shop.com/images/hfb/h5c/9369088393246.jpg,Efe Raki,Efe Fresh Grapes Raki 45% 1L,1 l (€18.50 / 1 l),€18.50
https://cdn.heinemann-shop.com/images/hf5/hb7/9380729880606.jpg,Gammel Dansk,Gammel Dansk Bitter Dram 0.2L,0.2 l (€38.50 / 1 l),€7.70
https://cdn.heinemann-shop.com/images/h67/h3c/9379015753758.jpg,Fernet Branca,Fernet Branca 39% 0.5L Glas Onpack,0.5 l (€22.60 / 1 l),from €11.30
https://cdn.heinemann-shop.com/images/hea/h38/9221558763550.jpg,Valhalla,Valhalla 35% 0.5L PET,0.5 l (€23.80 / 1 l),from €11.90
https://cdn.heinemann-shop.com/images/ha5/h39/9390197375006.jpg,Becherovka,Becherovka Carlsbad 38% 1L,1 l (€11.30 / 1 l),from €11.30
https://cdn.heinemann-shop.com/images/h78/ha1/9221394595870.jpg,Balder,Balder 35% 0.5L PET*,0.5 l (€33.00 / 1 l),€16.50
https://cdn.heinemann-shop.com/images/h9f/hb9/9222011256862.jpg,Frost,"Frost Krekling 20.5% 0.5L*, PET",0.5 l (€29.00 / 1 l),€14.50
https://cdn.heinemann-shop.com/images/h91/h79/9462399434782.jpg,Lillet,Lillet French Aperitif white 17% 0.75L,0.75 l (€28.67 / 1 l),€21.50
https://cdn.heinemann-shop.com/images/he3/h33/9466038059038.jpg,Dubonnet,Dubonnet Red 14.8% 0.75L,0.75 l (€15.33 / 1 l),€11.50
https://cdn.heinemann-shop.com/images/hd3/h5a/9221762908190.jpg,Sonnema,Sonnema Berenburg 30% 1L,1 l (€14.50 / 1 l),€14.50
https://cdn.heinemann-shop.com/images/h32/h7f/9416489467934.jpg,Campari,Campari Negroni 26% 0.5L,0.5 l (€25.80 / 1 l),from €12.90
https://cdn.heinemann-shop.com/images/h66/hd4/9407673991198.jpg,St. Remy,St. Remy Authentique VSOP 40% 0.5L PET,0.5 l (€24.60 / 1 l),€12.30
https://cdn.heinemann-shop.com/images/h0d/h4a/9380761436190.jpg,St. Remy,St. Remy Brandy Authentique XO 40% 1L Giftpack,1 l (€28.50 / 1 l),from €28.50
https://cdn.heinemann-shop.com/images/ha6/hf1/9381042520094.jpg,St. Remy,St. Remy Authentique XO 40% 0.5L PET,0.5 l (€31.00 / 1 l),€15.50
https://cdn.heinemann-shop.com/images/hb9/h14/9392787226654.jpg,Asbach,Asbach Original 3y 38% 3L,3 l (€22.30 / 1 l),€66.90
https://cdn.heinemann-shop.com/images/h66/h04/9221756878878.jpg,Pettersen,Pettersen XO Brandy 37% 1L,1 l (€25.50 / 1 l),€25.50
https://cdn.heinemann-shop.com/images/h04/h2e/9378682830878.jpg,Three Barrels,Three Barrels VSOP 38% 0.05L PET,0.05 l (€34.00 / 1 l),€1.70
https://cdn.heinemann-shop.com/images/h8d/hb9/9221952274462.jpg,Tronnes,"Tronnes VSOP 36% 0.5L, Flask, PET",0.5 l (€19.80 / 1 l),€9.90
https://cdn.heinemann-shop.com/images/h4d/haa/9349835784222.jpg,Tronnes,Tronnes VSOP Reserve 36% 1L BIO,1 l (€16.90 / 1 l),€16.90
https://cdn.heinemann-shop.com/images/h67/hdd/9221426315294.jpg,Torres,"Torres 10 Imperial Brandy Gran Reserva, 1L",1 l (€22.90 / 1 l),from €22.90
https://cdn.heinemann-shop.com/images/h3c/h5a/9392793911326.jpg,Asbach,Asbach Urbrand 40% 1L,1 l (€16.90 / 1 l),from €16.90
https://cdn.heinemann-shop.com/images/haa/h28/9380976099358.jpg,St. Remy,St. Remy Authentique VSOP 40% 1L,1 l (€20.50 / 1 l),from €20.50
https://cdn.heinemann-shop.com/images/h94/h7d/9392789585950.jpg,Asbach,Asbach Spezialbrand 12y 40% 0.7L,0.7 l (€42.14 / 1 l),€29.50
https://cdn.heinemann-shop.com/images/hd3/h6a/9392790896670.jpg,Asbach,Asbach Urbrand 40% 0.5L PET,0.5 l (€20.60 / 1 l),from €10.30
https://cdn.heinemann-shop.com/images/h7f/h98/9392789356574.jpg,Asbach,Asbach Urbrand 40% 0.2L,200 ml (€3.45 / 100 ml),€6.90
https://cdn.heinemann-shop.com/images/h5b/hb6/9221458853918.jpg,Cardenal Mendoza,Cardenal Mendoza Gran Reserva 40% 0.7L,0.7 l (€45.00 / 1 l),from €31.50
https://cdn.heinemann-shop.com/images/h03/h19/9380739317790.jpg,Metaxa,Metaxa Classic 5* 38% 1L,1 l (€16.50 / 1 l),from €16.50
https://cdn.heinemann-shop.com/images/hd7/hdb/9330478350366.jpg,Metaxa,Metaxa Amphora 7* 40% 1L Giftpack,1 l (€15.90 / 1 l),from €15.90
https://cdn.heinemann-shop.com/images/h9f/h37/9516161237022.jpg,Vecchia Romagna,Vecchia Romagna Etichetta Nera 40% 1L,1 l (€15.50 / 1 l),from €15.50
https://cdn.heinemann-shop.com/images/h2b/h44/9329305190430.jpg,Metaxa,Metaxa 12 Stars 40% 1L,1 l (€39.90 / 1 l),from €39.90
https://cdn.heinemann-shop.com/images/h31/hb5/9221872549918.jpg,Carlos I,"Carlos I, Brandy de Jerez, Solera Gran Reserva, 40%, 1L (gift box)",1 l (€29.90 / 1 l),from €29.90
https://cdn.heinemann-shop.com/images/h1f/h92/9274623983646.jpg,Metaxa,Metaxa 5* 38% 0.5L PET,0.5 l (€22.60 / 1 l),from €11.30
https://cdn.heinemann-shop.com/images/hde/h87/9221969739806.jpg,Osborne,"Osborne Veterano 8, Brandy Solera Reserva 36% 0.7L",0.7 l (€22.43 / 1 l),€15.70
https://cdn.heinemann-shop.com/images/hd2/hae/9222043729950.jpg,Bardinet,Bardinet VSOP 36% 1L,1 l (€12.30 / 1 l),€12.30
https://cdn.heinemann-shop.com/images/h10/h09/9392788144158.jpg,Asbach,Asbach Freiheitsbrand 1989 41% 0.7L Giftpack,0.7 l (€422.71 / 1 l),€295.90
https://cdn.heinemann-shop.com/images/he0/h1c/9221387812894.jpg,Osborne,Osborne Magno Solera Reserva 36% 1L,1 l (€17.70 / 1 l),from €17.70
https://cdn.heinemann-shop.com/images/h1e/hae/9338913292318.jpg,Domäne Wachau,"Domäne Wachau Grüner Veltliner Weinbrand, giftbox 40% 0.5L",0.5 l (€69.80 / 1 l),€34.90
https://cdn.heinemann-shop.com/images/h09/ha9/9387462492190.jpg,Bache-Gabrielsen,Bache-Gabrielsen Hors D'age Grande Champagne Cognac 40% 0.7L,0.7 l (€251.29 / 1 l),€175.90
https://cdn.heinemann-shop.com/images/h3f/hb6/9380870455326.jpg,Martell,Martell L'OR de Jean Martell 40% 0.7L,"0.7 l (€5,714.14 / 1 l)","€3,999.90"
https://cdn.heinemann-shop.com/images/h0c/ha5/9330478940190.jpg,Camus,Camus VSOP Elegance 40% 1L,1 l (€64.90 / 1 l),from €64.90
https://cdn.heinemann-shop.com/images/hc1/hff/9327623700510.jpg,Hennessy,Hennessy VS Flask 40% 0.2L,0.2 l (€82.50 / 1 l),from €16.50
https://cdn.heinemann-shop.com/images/h4c/hca/9221915017246.jpg,Soerlie,Soerlie Cognac XO Exclusive 40%0.5L,0.5 l (€85.80 / 1 l),€42.90
https://cdn.heinemann-shop.com/images/he8/ha6/9379165896734.jpg,Soerlie,Soerlie Cognac VSOP Exclusive 40% 1L,1 l (€53.90 / 1 l),€53.90
https://cdn.heinemann-shop.com/images/h00/h43/9462895149086.jpg,Baron Otard,Baron Otard XO Gold 40% 1L,1 l (€159.90 / 1 l),from €159.90
https://cdn.heinemann-shop.com/images/h7b/hce/9387481235486.jpg,Bache-Gabrielsen,Bache-Gabrielsen Signature 40% 1L,1 l (€43.90 / 1 l),€43.90
https://cdn.heinemann-shop.com/images/ha2/h81/9387465375774.jpg,Bache-Gabrielsen,Bache-Gabrielsen Thomas XO Prestige 40% 0.5L,0.5 l (€97.80 / 1 l),€48.90
https://cdn.heinemann-shop.com/images/h5c/hcf/9327663710238.jpg,Hennessy,"Hennessy XO 40% 0.35L, Giftpack",0.35 l (€265.43 / 1 l),from €92.90
https://cdn.heinemann-shop.com/images/h34/h59/9327722725406.jpg,Hennessy,Hennessy VSOP Privilege 40% Flask 0.5L,0.5 l (€79.80 / 1 l),from €39.90
https://cdn.heinemann-shop.com/images/h2a/h25/9378754199582.jpg,Thor Heyerdahl,Thor Heyerdahl Pioneer 40% 1L,1 l (€47.90 / 1 l),€47.90
https://cdn.heinemann-shop.com/images/h1f/h3e/9399770218526.jpg,Larsen,"Larsen XO 40% 1L, Giftpack",1 l (€70.90 / 1 l),€70.90
https://cdn.heinemann-shop.com/images/he4/h8c/9379353657374.jpg,Renault,Renault Carte Noire VSOP 40% 0.5L,0.5 l (€55.00 / 1 l),€27.50
https://cdn.heinemann-shop.com/images/h6f/hfb/9327952003102.jpg,Rémy Martin,Rémy Martin Cellar Master 16 40% 1L Giftpack,1 l (€68.90 / 1 l),from €68.90
https://cdn.heinemann-shop.com/images/h2b/hb1/9379206135838.jpg,Renault,"Renault Carte Noire Extra Old 40% 1L, Gift pack",1 l (€68.90 / 1 l),€68.90
https://cdn.heinemann-shop.com/images/hca/h93/9221507383326.jpg,Camus,"Camus VSOP Borderies 40% 1L, Gift pack",1 l (€75.90 / 1 l),from €75.90
https://cdn.heinemann-shop.com/images/hda/h69/9378676506654.jpg,Hennessy,"Hennessy VSOP 40% 1.5L, giftpack",1.5 l (€73.27 / 1 l),€109.90
https://cdn.heinemann-shop.com/images/h79/hb1/9378954280990.jpg,Rémy Martin,Remy Martin Cellar Master 28 40% 0.05L,0.05 l (€318.00 / 1 l),€15.90
https://cdn.heinemann-shop.com/images/h45/hdb/9330869764126.jpg,Courvoisier,Courvoisier Artisan VSOP Triple Oak 40% 1L Giftpack,1 l (€54.90 / 1 l),from €54.90
https://cdn.heinemann-shop.com/images/h9f/hc3/9330895388702.jpg,Courvoisier,Courvoisier Artisan XO Ultime 40% 0.7L Giftpack,0.7 l (€237.00 / 1 l),from €165.90
https://cdn.heinemann-shop.com/images/h98/h00/9378823700510.jpg,Braastad,Braastad XO 40% 0.5L,0.5 l (€61.80 / 1 l),€30.90
https://cdn.heinemann-shop.com/images/h21/hdd/9378979610654.jpg,Braastad,Braastad XO 40% 1L,1 l (€53.90 / 1 l),€53.90
https://cdn.heinemann-shop.com/images/ha1/h2d/9222024134686.jpg,Larsen,Larsen 90th Aniversary 40% 0.7L,0.7 l (€61.29 / 1 l),€42.90
https://cdn.heinemann-shop.com/images/h22/h70/9466038321182.jpg,Renault,"Renault Age du Temps 40.7% 0.5L, giftpack",0.5 l (€81.80 / 1 l),€40.90
https://cdn.heinemann-shop.com/images/h62/hea/9329345134622.jpg,Courvoisier,"Courvoisier Artisan VSOP Triple Oak 40% 0.5L, giftbox",0.5 l (€67.00 / 1 l),from €33.50
https://cdn.heinemann-shop.com/images/h0f/h96/9378723987486.jpg,Polignac,"Prince Hubert de Polignac XO 40% 0.35L, Giftbox",0.35 l (€171.14 / 1 l),€59.90
https://cdn.heinemann-shop.com/images/h1f/h99/9462417850398.jpg,Martell,Martell Cordon Bleu Extra 40% 0.7L,0.7 l (€268.43 / 1 l),from €187.90
https://cdn.heinemann-shop.com/images/h2c/h56/9221591334942.jpg,Larsen,"Larsen Extra D'Or 40% 0.7L, Giftpack",0.7 l (€585.57 / 1 l),€409.90
https://cdn.heinemann-shop.com/images/hf9/hcd/9462887219230.jpg,Baron Otard,Baron Otard VSOP 40% 1L,1 l (€56.90 / 1 l),from €56.90
https://cdn.heinemann-shop.com/images/h1e/h60/9241787760670.jpg,Larsen,Larsen VSOP 40% 0.5L,0.5 l (€49.80 / 1 l),€24.90
https://cdn.heinemann-shop.com/images/hde/hfd/9430000467998.jpg,Hennessy,Hennessy VSOP Privilege 40% 1L Giftpack,1 l (€69.90 / 1 l),from €69.90
https://cdn.heinemann-shop.com/images/h38/h19/9380907089950.jpg,Braastad,Braastad VSOP 40% 0.5L PET*,0.5 l (€39.00 / 1 l),€19.50
https://cdn.heinemann-shop.com/images/h40/h0b/9221774311454.jpg,Larsen,Larsen VSOP 40% 1L,1 l (€46.90 / 1 l),€46.90
https://cdn.heinemann-shop.com/images/h38/h59/9380658151454.jpg,Braastad,Braastad Extra 40% 0.7L*,0.7 l (€314.14 / 1 l),€219.90
https://cdn.heinemann-shop.com/images/h1c/h8c/9380851384350.jpg,Rémy Martin,Rémy Martin Louis XIII 40% 0.7L GP,"0.7 l (€4,571.29 / 1 l)","from €3,199.90"
https://cdn.heinemann-shop.com/images/he4/hb2/9387465834526.jpg,Bache-Gabrielsen,Bache-Gabrielsen XO 40% 0.5L,0.5 l (€67.80 / 1 l),€33.90
https://cdn.heinemann-shop.com/images/h8e/h9c/9387465146398.jpg,Bache-Gabrielsen,Bache-Gabrielsen XO 40% 1L,1 l (€58.90 / 1 l),€58.90
https://cdn.heinemann-shop.com/images/h2b/hcf/9241801916446.jpg,Larsen,Larsen VS 40% 0.5L PET,0.5 l (€39.00 / 1 l),€19.50
https://cdn.heinemann-shop.com/images/h0c/h74/9387476025374.jpg,Bache-Gabrielsen,Bache-Gabrielsen VSOP 40% 0.5L PET,0.5 l (€39.80 / 1 l),€19.90
https://cdn.heinemann-shop.com/images/h3c/h2f/9221452824606.jpg,Meukow,Meukow VSOP Superior 40% 1L,1 l (€52.90 / 1 l),from €52.90
https://cdn.heinemann-shop.com/images/hf3/ha5/9380790566942.jpg,Hennessy,Hennessy XO 40% 1L giftpack,1 l (€199.90 / 1 l),from €199.90
https://cdn.heinemann-shop.com/images/hd8/hce/9462871654430.jpg,Martell,Martell XO 40% 0.7L,0.7 l (€247.00 / 1 l),from €172.90
https://cdn.heinemann-shop.com/images/h30/h58/9330693341214.jpg,Camus,Camus VS Elegance 40% 1L,1 l (€38.90 / 1 l),from €38.90
https://cdn.heinemann-shop.com/images/h40/h21/9380725555230.jpg,Hennessy,"Hennessy Paradis Imperial 0.7L, Giftpack","0.7 l (€3,714.14 / 1 l)","from €2,599.90"
https://cdn.heinemann-shop.com/images/h2f/hbd/9221824938014.jpg,Rémy Martin,Rémy Martin XO Exclusive 40% 0.35L Giftpack,0.35 l (€262.57 / 1 l),€91.90
https://cdn.heinemann-shop.com/images/h20/hef/9462883319838.jpg,Martell,Martell Cordon Bleu 40% 0.7L,0.7 l (€232.71 / 1 l),from €162.90
https://cdn.heinemann-shop.com/images/h7d/hbb/9329197318174.jpg,Camus,Camus VS Elegance 40% 0.5L PET,0.5 l (€41.00 / 1 l),from €20.50
https://cdn.heinemann-shop.com/images/hf4/h0a/9462884007966.jpg,Martell,Martell VSOP Médallion 40% 0.5L,0.5 l (€69.80 / 1 l),from €34.90
https://cdn.heinemann-shop.com/images/h50/hd3/9221696028702.jpg,Larsen,Larsen VS 40% 1L,1 l (€31.90 / 1 l),€31.90
https://cdn.heinemann-shop.com/images/h6a/he3/9462866771998.jpg,Martell,"Martell VSOP Médallion 40% 1L, Gift pack",1 l (€68.90 / 1 l),from €68.90
https://cdn.heinemann-shop.com/images/ha7/h8f/9387463540766.jpg,Bache-Gabrielsen,Bache-Gabrielsen VS 40% 0.5L PET,0.5 l (€30.60 / 1 l),€15.30
https://cdn.heinemann-shop.com/images/h8b/hce/9199496822814.jpg,Baron Otard,Baron Otard VSOP 40% 0.5L Flask,0.5 l (€57.80 / 1 l),€28.90
https://cdn.heinemann-shop.com/images/h61/hd5/9380900143134.jpg,Hennessy,Hennessy Paradis 0.7L,"0.7 l (€1,328.43 / 1 l)",from €929.90
https://cdn.heinemann-shop.com/images/h5c/h9d/9331147145246.jpg,Camus,Camus VSOP Elegance 40% 0.5L PET,0.5 l (€67.00 / 1 l),from €33.50
https://cdn.heinemann-shop.com/images/h13/h07/9330300682270.jpg,Rémy Martin,Rémy Martin VSOP 40% 0.5L Giftbox,0.5 l (€71.80 / 1 l),from €35.90
https://cdn.heinemann-shop.com/images/h57/hf3/9380690001950.jpg,Rémy Martin,Rémy Martin XO Excellence 40% 1L Giftpack,1 l (€239.90 / 1 l),from €239.90
https://cdn.heinemann-shop.com/images/h73/h19/9221947752478.jpg,Gautier,Gautier VSOP 40% 1L,1 l (€55.90 / 1 l),€55.90
https://cdn.heinemann-shop.com/images/h95/h40/9380609818654.jpg,Martell,Martell Chanteloup Perspective 40% 0.7L,0.7 l (€551.29 / 1 l),from €385.90
https://cdn.heinemann-shop.com/images/h05/h53/9478070894622.jpg,Thor Heyerdahl,Thor Heyerdahl XO 40% 1L,1 l (€54.90 / 1 l),€54.90
https://cdn.heinemann-shop.com/images/h40/h12/9249952989214.jpg,Camus,"Camus Extra Elegance Dark&Intense 40% 0.7L, gift box",0.7 l (€571.29 / 1 l),from €399.90
https://cdn.heinemann-shop.com/images/he9/h0f/9329942036510.jpg,Hennessy,Hennessy XXO 40% 1L GP,1 l (€445.90 / 1 l),from €445.90
https://cdn.heinemann-shop.com/images/hf2/hf4/9462885613598.jpg,Martell,Martell VS Single Distillery 40% 1L,1 l (€43.90 / 1 l),from €43.90
https://cdn.heinemann-shop.com/images/h8a/ha6/9466037829662.jpg,Renault,Renault Avec 40% 0.7L,0.7 l (€72.71 / 1 l),€50.90
https://cdn.heinemann-shop.com/images/h9c/he4/9330215747614.jpg,Hine,Hine Journey 10yo XO 41.8% 1L giftpack,1 l (€102.90 / 1 l),€102.90
https://cdn.heinemann-shop.com/images/h13/hec/9330938445854.jpg,Hine,Hine H by Hine 40% 1L,1 l (€53.90 / 1 l),€53.90
https://cdn.heinemann-shop.com/images/h8b/h8c/9256555577374.jpg,Courvoisier,Courvoisier VSOP Value Added Pack + 2 Glasses 40% 1L,1 l (€59.90 / 1 l),from €59.90
https://cdn.heinemann-shop.com/images/h36/hfe/9474897313822.jpg,Camus,Camus XO 40% 1L GP,1 l (€229.90 / 1 l),from €229.90
https://cdn.heinemann-shop.com/images/ha8/h12/9474896298014.jpg,Camus,Camus Very Special 40% 1L GP,1 l (€44.90 / 1 l),€44.90
https://cdn.heinemann-shop.com/images/hc0/h5f/9474896822302.jpg,Camus,Camus VSOP 40% 1L GP,1 l (€68.90 / 1 l),from €68.90
https://cdn.heinemann-shop.com/images/h87/hd5/9474898362398.jpg,Camus,Camus XO Borderies Family Reserve 40% 1L,1 l (€259.90 / 1 l),from €259.90
https://cdn.heinemann-shop.com/images/h67/h5f/9376060440606.jpg,Hennessy,Hennessy Master Blender 4 43% 0.5L,0.5 l (€123.80 / 1 l),from €61.90
https://cdn.heinemann-shop.com/images/h6c/h9f/9387466293278.jpg,Bache-Gabrielsen,Bache Gabrielsen American Oak 40% 1L,1 l (€43.90 / 1 l),€43.90
https://cdn.heinemann-shop.com/images/h06/h08/9221958369310.jpg,Larsen,Larsen La Reserve 40% 1L,1 l (€57.90 / 1 l),€57.90
https://cdn.heinemann-shop.com/images/h22/h6d/9378814394398.jpg,Braastad,Braastad VSOP 40% 1L,1 l (€36.50 / 1 l),€36.50
https://cdn.heinemann-shop.com/images/hfc/h18/9330843746334.jpg,Courvoisier,Courvoisier Artisan VS Double Oak 40% 1L,1 l (€44.50 / 1 l),from €44.50
https://cdn.heinemann-shop.com/images/h0b/h0b/9379341795358.jpg,Renault,"Renault Carte Noire VSOP 40% 1L, Gift pack",1 l (€51.90 / 1 l),€51.90
https://cdn.heinemann-shop.com/images/h70/h1c/9379196698654.jpg,Soerlie,Soerlie Cognac XO Exclusive 40% 1L,1 l (€83.90 / 1 l),€83.90
https://cdn.heinemann-shop.com/images/h2d/hee/9381909987358.jpg,Camus,Camus XO Elegance 40% 1L Giftbox,1 l (€205.90 / 1 l),from €205.90
https://cdn.heinemann-shop.com/images/h29/h58/9221655199774.jpg,Meukow,Meukow VS 40% 1L,1 l (€39.90 / 1 l),from €39.90
https://cdn.heinemann-shop.com/images/hff/ha3/9221523275806.jpg,Godet,"Godet XO Terre 40% 0.7L, giftbox",0.7 l (€165.57 / 1 l),€115.90
https://cdn.heinemann-shop.com/images/h7a/hca/9378806104094.jpg,Braastad,Braastad VS 40% 1L,1 l (€25.90 / 1 l),€25.90
https://cdn.heinemann-shop.com/images/hbc/hf9/9389225377822.jpg,Hennessy,Hennessy VS 1L,1 l (€35.90 / 1 l),from €35.90
https://cdn.heinemann-shop.com/images/hba/h56/9221662736414.jpg,Bisquit Dubouche,Bisquit XO 40% 0.7L,0.7 l (€171.29 / 1 l),from €119.90
https://cdn.heinemann-shop.com/images/h4a/ha8/9387464654878.jpg,Bache-Gabrielsen,Bache-Gabrielsen VSOP 40% 1L,1 l (€36.90 / 1 l),€36.90
https://cdn.heinemann-shop.com/images/hae/h2d/9387461279774.jpg,Bache-Gabrielsen,Bache-Gabrielsen VS 40% 1L,1 l (€26.50 / 1 l),€26.50
https://cdn.heinemann-shop.com/images/hbc/he6/9387454890014.jpg,Bache-Gabrielsen,"Bache-Gabrielsen Thomas XO Prestige, Réserve Edition 40% 1L",1 l (€85.90 / 1 l),€85.90
Image is missing,Bisquit Dubouche,Bisquit Dubouche VSOP 40% 0.7L,0.7 l (€57.00 / 1 l),from €39.90
https://cdn.heinemann-shop.com/images/h59/ha1/9378904375326.jpg,Bisquit Dubouche,Bisquit Prestige 40% 1L,1 l (€81.90 / 1 l),€81.90
https://cdn.heinemann-shop.com/images/h15/h59/9221598937118.jpg,Hardy Cognac,Hardy VSOP 40% 1L Gift Box,1 l (€49.90 / 1 l),€49.90
https://cdn.heinemann-shop.com/images/h13/hde/9221609488414.jpg,Hardy Cognac,Hardy XO 40% 1L,1 l (€75.90 / 1 l),€75.90
https://cdn.heinemann-shop.com/images/h9d/h8a/9378573811742.jpg,Braastad,Braastad VSOP 40% 0.2L PET,0.2 l (€51.50 / 1 l),€10.30
https://cdn.heinemann-shop.com/images/hb7/h96/9378871509022.jpg,Hennessy,Hennessy James Hennessy 40% 1L Giftpack,1 l (€155.90 / 1 l),from €155.90
https://cdn.heinemann-shop.com/images/h10/h20/9378503655454.jpg,Rémy Martin,Rémy Martin Club 40% 1L giftbox,1 l (€99.90 / 1 l),from €99.90
https://cdn.heinemann-shop.com/images/h6b/hc9/9380895424542.jpg,Braastad,Braastad VS 40% 0.5L PET*,0.5 l (€29.80 / 1 l),€14.90
https://cdn.heinemann-shop.com/images/h09/hd2/9381102583838.jpg,Baron Otard,Baron Otard VSOP 40% 3L,3 l (€63.30 / 1 l),€189.90
https://cdn.heinemann-shop.com/images/h09/ha9/9387462492190.jpg,Bache-Gabrielsen,Bache-Gabrielsen Hors D'age Grande Champagne Cognac 40% 0.7L,0.7 l (€251.29 / 1 l),€175.90
https://cdn.heinemann-shop.com/images/h3f/hb6/9380870455326.jpg,Martell,Martell L'OR de Jean Martell 40% 0.7L,"0.7 l (€5,714.14 / 1 l)","€3,999.90"
https://cdn.heinemann-shop.com/images/h0c/ha5/9330478940190.jpg,Camus,Camus VSOP Elegance 40% 1L,1 l (€64.90 / 1 l),from €64.90
https://cdn.heinemann-shop.com/images/hc1/hff/9327623700510.jpg,Hennessy,Hennessy VS Flask 40% 0.2L,0.2 l (€82.50 / 1 l),from €16.50
https://cdn.heinemann-shop.com/images/h4c/hca/9221915017246.jpg,Soerlie,Soerlie Cognac XO Exclusive 40%0.5L,0.5 l (€85.80 / 1 l),€42.90
https://cdn.heinemann-shop.com/images/he8/ha6/9379165896734.jpg,Soerlie,Soerlie Cognac VSOP Exclusive 40% 1L,1 l (€53.90 / 1 l),€53.90
https://cdn.heinemann-shop.com/images/h00/h43/9462895149086.jpg,Baron Otard,Baron Otard XO Gold 40% 1L,1 l (€159.90 / 1 l),from €159.90
https://cdn.heinemann-shop.com/images/h7b/hce/9387481235486.jpg,Bache-Gabrielsen,Bache-Gabrielsen Signature 40% 1L,1 l (€43.90 / 1 l),€43.90
https://cdn.heinemann-shop.com/images/ha2/h81/9387465375774.jpg,Bache-Gabrielsen,Bache-Gabrielsen Thomas XO Prestige 40% 0.5L,0.5 l (€97.80 / 1 l),€48.90
https://cdn.heinemann-shop.com/images/h5c/hcf/9327663710238.jpg,Hennessy,"Hennessy XO 40% 0.35L, Giftpack",0.35 l (€265.43 / 1 l),from €92.90
https://cdn.heinemann-shop.com/images/h34/h59/9327722725406.jpg,Hennessy,Hennessy VSOP Privilege 40% Flask 0.5L,0.5 l (€79.80 / 1 l),from €39.90
https://cdn.heinemann-shop.com/images/h2a/h25/9378754199582.jpg,Thor Heyerdahl,Thor Heyerdahl Pioneer 40% 1L,1 l (€47.90 / 1 l),€47.90
https://cdn.heinemann-shop.com/images/h1f/h3e/9399770218526.jpg,Larsen,"Larsen XO 40% 1L, Giftpack",1 l (€70.90 / 1 l),€70.90
https://cdn.heinemann-shop.com/images/he4/h8c/9379353657374.jpg,Renault,Renault Carte Noire VSOP 40% 0.5L,0.5 l (€55.00 / 1 l),€27.50
https://cdn.heinemann-shop.com/images/h6f/hfb/9327952003102.jpg,Rémy Martin,Rémy Martin Cellar Master 16 40% 1L Giftpack,1 l (€68.90 / 1 l),from €68.90
https://cdn.heinemann-shop.com/images/h2b/hb1/9379206135838.jpg,Renault,"Renault Carte Noire Extra Old 40% 1L, Gift pack",1 l (€68.90 / 1 l),€68.90
https://cdn.heinemann-shop.com/images/hca/h93/9221507383326.jpg,Camus,"Camus VSOP Borderies 40% 1L, Gift pack",1 l (€75.90 / 1 l),from €75.90
https://cdn.heinemann-shop.com/images/hda/h69/9378676506654.jpg,Hennessy,"Hennessy VSOP 40% 1.5L, giftpack",1.5 l (€73.27 / 1 l),€109.90
https://cdn.heinemann-shop.com/images/h79/hb1/9378954280990.jpg,Rémy Martin,Remy Martin Cellar Master 28 40% 0.05L,0.05 l (€318.00 / 1 l),€15.90
https://cdn.heinemann-shop.com/images/h45/hdb/9330869764126.jpg,Courvoisier,Courvoisier Artisan VSOP Triple Oak 40% 1L Giftpack,1 l (€54.90 / 1 l),from €54.90
https://cdn.heinemann-shop.com/images/h9f/hc3/9330895388702.jpg,Courvoisier,Courvoisier Artisan XO Ultime 40% 0.7L Giftpack,0.7 l (€237.00 / 1 l),from €165.90
https://cdn.heinemann-shop.com/images/h98/h00/9378823700510.jpg,Braastad,Braastad XO 40% 0.5L,0.5 l (€61.80 / 1 l),€30.90
https://cdn.heinemann-shop.com/images/h21/hdd/9378979610654.jpg,Braastad,Braastad XO 40% 1L,1 l (€53.90 / 1 l),€53.90
https://cdn.heinemann-shop.com/images/ha1/h2d/9222024134686.jpg,Larsen,Larsen 90th Aniversary 40% 0.7L,0.7 l (€61.29 / 1 l),€42.90
https://cdn.heinemann-shop.com/images/h22/h70/9466038321182.jpg,Renault,"Renault Age du Temps 40.7% 0.5L, giftpack",0.5 l (€81.80 / 1 l),€40.90
https://cdn.heinemann-shop.com/images/h62/hea/9329345134622.jpg,Courvoisier,"Courvoisier Artisan VSOP Triple Oak 40% 0.5L, giftbox",0.5 l (€67.00 / 1 l),from €33.50
https://cdn.heinemann-shop.com/images/h0f/h96/9378723987486.jpg,Polignac,"Prince Hubert de Polignac XO 40% 0.35L, Giftbox",0.35 l (€171.14 / 1 l),€59.90
https://cdn.heinemann-shop.com/images/h1f/h99/9462417850398.jpg,Martell,Martell Cordon Bleu Extra 40% 0.7L,0.7 l (€268.43 / 1 l),from €187.90
https://cdn.heinemann-shop.com/images/h2c/h56/9221591334942.jpg,Larsen,"Larsen Extra D'Or 40% 0.7L, Giftpack",0.7 l (€585.57 / 1 l),€409.90
https://cdn.heinemann-shop.com/images/hf9/hcd/9462887219230.jpg,Baron Otard,Baron Otard VSOP 40% 1L,1 l (€56.90 / 1 l),from €56.90
https://cdn.heinemann-shop.com/images/h1e/h60/9241787760670.jpg,Larsen,Larsen VSOP 40% 0.5L,0.5 l (€49.80 / 1 l),€24.90
https://cdn.heinemann-shop.com/images/hde/hfd/9430000467998.jpg,Hennessy,Hennessy VSOP Privilege 40% 1L Giftpack,1 l (€69.90 / 1 l),from €69.90
https://cdn.heinemann-shop.com/images/h38/h19/9380907089950.jpg,Braastad,Braastad VSOP 40% 0.5L PET*,0.5 l (€39.00 / 1 l),€19.50
https://cdn.heinemann-shop.com/images/h40/h0b/9221774311454.jpg,Larsen,Larsen VSOP 40% 1L,1 l (€46.90 / 1 l),€46.90
https://cdn.heinemann-shop.com/images/h38/h59/9380658151454.jpg,Braastad,Braastad Extra 40% 0.7L*,0.7 l (€314.14 / 1 l),€219.90
https://cdn.heinemann-shop.com/images/h1c/h8c/9380851384350.jpg,Rémy Martin,Rémy Martin Louis XIII 40% 0.7L GP,"0.7 l (€4,571.29 / 1 l)","from €3,199.90"
https://cdn.heinemann-shop.com/images/he4/hb2/9387465834526.jpg,Bache-Gabrielsen,Bache-Gabrielsen XO 40% 0.5L,0.5 l (€67.80 / 1 l),€33.90
https://cdn.heinemann-shop.com/images/h8e/h9c/9387465146398.jpg,Bache-Gabrielsen,Bache-Gabrielsen XO 40% 1L,1 l (€58.90 / 1 l),€58.90
https://cdn.heinemann-shop.com/images/h2b/hcf/9241801916446.jpg,Larsen,Larsen VS 40% 0.5L PET,0.5 l (€39.00 / 1 l),€19.50
https://cdn.heinemann-shop.com/images/h0c/h74/9387476025374.jpg,Bache-Gabrielsen,Bache-Gabrielsen VSOP 40% 0.5L PET,0.5 l (€39.80 / 1 l),€19.90
https://cdn.heinemann-shop.com/images/h3c/h2f/9221452824606.jpg,Meukow,Meukow VSOP Superior 40% 1L,1 l (€52.90 / 1 l),from €52.90
https://cdn.heinemann-shop.com/images/hf3/ha5/9380790566942.jpg,Hennessy,Hennessy XO 40% 1L giftpack,1 l (€199.90 / 1 l),from €199.90
https://cdn.heinemann-shop.com/images/hd8/hce/9462871654430.jpg,Martell,Martell XO 40% 0.7L,0.7 l (€247.00 / 1 l),from €172.90
https://cdn.heinemann-shop.com/images/h30/h58/9330693341214.jpg,Camus,Camus VS Elegance 40% 1L,1 l (€38.90 / 1 l),from €38.90
https://cdn.heinemann-shop.com/images/h40/h21/9380725555230.jpg,Hennessy,"Hennessy Paradis Imperial 0.7L, Giftpack","0.7 l (€3,714.14 / 1 l)","from €2,599.90"
https://cdn.heinemann-shop.com/images/h2f/hbd/9221824938014.jpg,Rémy Martin,Rémy Martin XO Exclusive 40% 0.35L Giftpack,0.35 l (€262.57 / 1 l),€91.90
https://cdn.heinemann-shop.com/images/h20/hef/9462883319838.jpg,Martell,Martell Cordon Bleu 40% 0.7L,0.7 l (€232.71 / 1 l),from €162.90
https://cdn.heinemann-shop.com/images/h7d/hbb/9329197318174.jpg,Camus,Camus VS Elegance 40% 0.5L PET,0.5 l (€41.00 / 1 l),from €20.50
https://cdn.heinemann-shop.com/images/hf4/h0a/9462884007966.jpg,Martell,Martell VSOP Médallion 40% 0.5L,0.5 l (€69.80 / 1 l),from €34.90
https://cdn.heinemann-shop.com/images/h50/hd3/9221696028702.jpg,Larsen,Larsen VS 40% 1L,1 l (€31.90 / 1 l),€31.90
https://cdn.heinemann-shop.com/images/h6a/he3/9462866771998.jpg,Martell,"Martell VSOP Médallion 40% 1L, Gift pack",1 l (€68.90 / 1 l),from €68.90
https://cdn.heinemann-shop.com/images/ha7/h8f/9387463540766.jpg,Bache-Gabrielsen,Bache-Gabrielsen VS 40% 0.5L PET,0.5 l (€30.60 / 1 l),€15.30
https://cdn.heinemann-shop.com/images/h8b/hce/9199496822814.jpg,Baron Otard,Baron Otard VSOP 40% 0.5L Flask,0.5 l (€57.80 / 1 l),€28.90
https://cdn.heinemann-shop.com/images/h61/hd5/9380900143134.jpg,Hennessy,Hennessy Paradis 0.7L,"0.7 l (€1,328.43 / 1 l)",from €929.90
https://cdn.heinemann-shop.com/images/h5c/h9d/9331147145246.jpg,Camus,Camus VSOP Elegance 40% 0.5L PET,0.5 l (€67.00 / 1 l),from €33.50
https://cdn.heinemann-shop.com/images/h13/h07/9330300682270.jpg,Rémy Martin,Rémy Martin VSOP 40% 0.5L Giftbox,0.5 l (€71.80 / 1 l),from €35.90
https://cdn.heinemann-shop.com/images/h57/hf3/9380690001950.jpg,Rémy Martin,Rémy Martin XO Excellence 40% 1L Giftpack,1 l (€239.90 / 1 l),from €239.90
https://cdn.heinemann-shop.com/images/h73/h19/9221947752478.jpg,Gautier,Gautier VSOP 40% 1L,1 l (€55.90 / 1 l),€55.90
https://cdn.heinemann-shop.com/images/h95/h40/9380609818654.jpg,Martell,Martell Chanteloup Perspective 40% 0.7L,0.7 l (€551.29 / 1 l),from €385.90
https://cdn.heinemann-shop.com/images/h05/h53/9478070894622.jpg,Thor Heyerdahl,Thor Heyerdahl XO 40% 1L,1 l (€54.90 / 1 l),€54.90
https://cdn.heinemann-shop.com/images/h40/h12/9249952989214.jpg,Camus,"Camus Extra Elegance Dark&Intense 40% 0.7L, gift box",0.7 l (€571.29 / 1 l),from €399.90
https://cdn.heinemann-shop.com/images/he9/h0f/9329942036510.jpg,Hennessy,Hennessy XXO 40% 1L GP,1 l (€445.90 / 1 l),from €445.90
https://cdn.heinemann-shop.com/images/hf2/hf4/9462885613598.jpg,Martell,Martell VS Single Distillery 40% 1L,1 l (€43.90 / 1 l),from €43.90
https://cdn.heinemann-shop.com/images/h8a/ha6/9466037829662.jpg,Renault,Renault Avec 40% 0.7L,0.7 l (€72.71 / 1 l),€50.90
https://cdn.heinemann-shop.com/images/h9c/he4/9330215747614.jpg,Hine,Hine Journey 10yo XO 41.8% 1L giftpack,1 l (€102.90 / 1 l),€102.90
https://cdn.heinemann-shop.com/images/h13/hec/9330938445854.jpg,Hine,Hine H by Hine 40% 1L,1 l (€53.90 / 1 l),€53.90
https://cdn.heinemann-shop.com/images/h8b/h8c/9256555577374.jpg,Courvoisier,Courvoisier VSOP Value Added Pack + 2 Glasses 40% 1L,1 l (€59.90 / 1 l),from €59.90
https://cdn.heinemann-shop.com/images/h36/hfe/9474897313822.jpg,Camus,Camus XO 40% 1L GP,1 l (€229.90 / 1 l),from €229.90
https://cdn.heinemann-shop.com/images/ha8/h12/9474896298014.jpg,Camus,Camus Very Special 40% 1L GP,1 l (€44.90 / 1 l),€44.90
https://cdn.heinemann-shop.com/images/hc0/h5f/9474896822302.jpg,Camus,Camus VSOP 40% 1L GP,1 l (€68.90 / 1 l),from €68.90
https://cdn.heinemann-shop.com/images/h87/hd5/9474898362398.jpg,Camus,Camus XO Borderies Family Reserve 40% 1L,1 l (€259.90 / 1 l),from €259.90
https://cdn.heinemann-shop.com/images/h67/h5f/9376060440606.jpg,Hennessy,Hennessy Master Blender 4 43% 0.5L,0.5 l (€123.80 / 1 l),from €61.90
https://cdn.heinemann-shop.com/images/h6c/h9f/9387466293278.jpg,Bache-Gabrielsen,Bache Gabrielsen American Oak 40% 1L,1 l (€43.90 / 1 l),€43.90
https://cdn.heinemann-shop.com/images/h06/h08/9221958369310.jpg,Larsen,Larsen La Reserve 40% 1L,1 l (€57.90 / 1 l),€57.90
https://cdn.heinemann-shop.com/images/h22/h6d/9378814394398.jpg,Braastad,Braastad VSOP 40% 1L,1 l (€36.50 / 1 l),€36.50
https://cdn.heinemann-shop.com/images/hfc/h18/9330843746334.jpg,Courvoisier,Courvoisier Artisan VS Double Oak 40% 1L,1 l (€44.50 / 1 l),from €44.50
https://cdn.heinemann-shop.com/images/h0b/h0b/9379341795358.jpg,Renault,"Renault Carte Noire VSOP 40% 1L, Gift pack",1 l (€51.90 / 1 l),€51.90
https://cdn.heinemann-shop.com/images/h70/h1c/9379196698654.jpg,Soerlie,Soerlie Cognac XO Exclusive 40% 1L,1 l (€83.90 / 1 l),€83.90
https://cdn.heinemann-shop.com/images/h2d/hee/9381909987358.jpg,Camus,Camus XO Elegance 40% 1L Giftbox,1 l (€205.90 / 1 l),from €205.90
https://cdn.heinemann-shop.com/images/h29/h58/9221655199774.jpg,Meukow,Meukow VS 40% 1L,1 l (€39.90 / 1 l),from €39.90
https://cdn.heinemann-shop.com/images/hff/ha3/9221523275806.jpg,Godet,"Godet XO Terre 40% 0.7L, giftbox",0.7 l (€165.57 / 1 l),€115.90
https://cdn.heinemann-shop.com/images/h7a/hca/9378806104094.jpg,Braastad,Braastad VS 40% 1L,1 l (€25.90 / 1 l),€25.90
https://cdn.heinemann-shop.com/images/hbc/hf9/9389225377822.jpg,Hennessy,Hennessy VS 1L,1 l (€35.90 / 1 l),from €35.90
https://cdn.heinemann-shop.com/images/hba/h56/9221662736414.jpg,Bisquit Dubouche,Bisquit XO 40% 0.7L,0.7 l (€171.29 / 1 l),from €119.90
https://cdn.heinemann-shop.com/images/h4a/ha8/9387464654878.jpg,Bache-Gabrielsen,Bache-Gabrielsen VSOP 40% 1L,1 l (€36.90 / 1 l),€36.90
https://cdn.heinemann-shop.com/images/hae/h2d/9387461279774.jpg,Bache-Gabrielsen,Bache-Gabrielsen VS 40% 1L,1 l (€26.50 / 1 l),€26.50
https://cdn.heinemann-shop.com/images/hbc/he6/9387454890014.jpg,Bache-Gabrielsen,"Bache-Gabrielsen Thomas XO Prestige, Réserve Edition 40% 1L",1 l (€85.90 / 1 l),€85.90
Image is missing,Bisquit Dubouche,Bisquit Dubouche VSOP 40% 0.7L,0.7 l (€57.00 / 1 l),from €39.90
https://cdn.heinemann-shop.com/images/h59/ha1/9378904375326.jpg,Bisquit Dubouche,Bisquit Prestige 40% 1L,1 l (€81.90 / 1 l),€81.90
https://cdn.heinemann-shop.com/images/h15/h59/9221598937118.jpg,Hardy Cognac,Hardy VSOP 40% 1L Gift Box,1 l (€49.90 / 1 l),€49.90
https://cdn.heinemann-shop.com/images/h13/hde/9221609488414.jpg,Hardy Cognac,Hardy XO 40% 1L,1 l (€75.90 / 1 l),€75.90
https://cdn.heinemann-shop.com/images/h9d/h8a/9378573811742.jpg,Braastad,Braastad VSOP 40% 0.2L PET,0.2 l (€51.50 / 1 l),€10.30
https://cdn.heinemann-shop.com/images/hb7/h96/9378871509022.jpg,Hennessy,Hennessy James Hennessy 40% 1L Giftpack,1 l (€155.90 / 1 l),from €155.90
https://cdn.heinemann-shop.com/images/h10/h20/9378503655454.jpg,Rémy Martin,Rémy Martin Club 40% 1L giftbox,1 l (€99.90 / 1 l),from €99.90
https://cdn.heinemann-shop.com/images/h6b/hc9/9380895424542.jpg,Braastad,Braastad VS 40% 0.5L PET*,0.5 l (€29.80 / 1 l),€14.90
https://cdn.heinemann-shop.com/images/h09/hd2/9381102583838.jpg,Baron Otard,Baron Otard VSOP 40% 3L,3 l (€63.30 / 1 l),€189.90
https://cdn.heinemann-shop.com/images/h8f/h81/9379294937118.jpg,Freihof,Freihof Williams Früchteflasche 40% 0.7L,0.7 l (€40.71 / 1 l),from €28.50
https://cdn.heinemann-shop.com/images/h56/h7c/9221711921182.jpg,Schladerer,Schladerer Williamsbirne 40% 0.7L,0.7 l (€31.29 / 1 l),from €21.90
https://cdn.heinemann-shop.com/images/hb9/h0e/9380622008350.jpg,Nonino,Nonino Grappa Moscato 41% 0.7L,0.7 l (€48.43 / 1 l),from €33.90
https://cdn.heinemann-shop.com/images/h5d/hf7/9221651234846.jpg,Nonino,"Grappa Nonino Antica Cuvée, Invecchiata in Barriques 0.7L 43%, Giftpack",0.7 l (€77.00 / 1 l),from €53.90
https://cdn.heinemann-shop.com/images/h8a/hda/9380518658078.jpg,Boulard,Boulard Calvados VSOP 40% 1L,1 l (€48.90 / 1 l),€48.90
https://cdn.heinemann-shop.com/images/hfb/h1f/9380533567518.jpg,Boulard,"Boulard Calvados XO 40% 0.7L, Giftpack",0.7 l (€85.57 / 1 l),€59.90
https://cdn.heinemann-shop.com/images/h12/hc7/9221482446878.jpg,Egge,Egge Eplebrennevin 40% 1L,1 l (€40.90 / 1 l),€40.90
https://cdn.heinemann-shop.com/images/h4a/h16/9221840830494.jpg,Badel,Badel Alter Sljivovica 40% 1L,1 l (€13.90 / 1 l),from €13.90
https://cdn.heinemann-shop.com/images/h98/h80/9221847613470.jpg,Schladerer,Schladerer Miniaturbox 42% 6x0.03L,0.18 l (€82.78 / 1 l),from €14.90
https://cdn.heinemann-shop.com/images/h57/heb/9389225148446.jpg,Alexander,Alexander Grappa Cru 38% 0.7L,0.7 l (€27.00 / 1 l),€18.90
https://cdn.heinemann-shop.com/images/h16/ha4/9221965217822.jpg,Pere Magloire,Pere Magloire XO 40% 0.5L,0.5 l (€91.80 / 1 l),€45.90
https://cdn.heinemann-shop.com/images/h58/h90/9221954600990.jpg,Pere Magloire,Pere Magloire VSOP 40% 0.5L PET,0.5 l (€45.00 / 1 l),€22.50
https://cdn.heinemann-shop.com/images/hcb/hfe/9221480185886.jpg,Nonino,"Il Merlot di Nonino Grappa 0.7L 40%, Giftpack",0.7 l (€48.43 / 1 l),from €33.90
https://cdn.heinemann-shop.com/images/h46/hac/9221661229086.jpg,Schladerer,Schladerer Kirschwasser 42% 0.7L,0.7 l (€31.29 / 1 l),€21.90
https://cdn.heinemann-shop.com/images/he2/h75/9340070035486.jpg,Bailoni Likoer,Bailoni Kirschenschnaps 40% 1L,1 l (€18.50 / 1 l),from €18.50
https://cdn.heinemann-shop.com/images/h42/hc6/9380847517726.jpg,Boulard,Boulard Calvados Grand Solage 40% 1L,1 l (€32.90 / 1 l),from €32.90
https://cdn.heinemann-shop.com/images/hd5/hf0/9221903548446.jpg,Pere Magloire,Père Magloire VSOP 40% 1L,1 l (€34.90 / 1 l),€34.90
https://cdn.heinemann-shop.com/images/h59/hed/9221424054302.jpg,Boulard,Boulard Calvados Grand Solage 40% 0.5L,0.5 l (€38.60 / 1 l),€19.30
https://cdn.heinemann-shop.com/images/h03/h2e/9221633671198.jpg,Nonino,Nonino Grappa Vendemmia 40% 1L,1 l (€25.90 / 1 l),€25.90
https://cdn.heinemann-shop.com/images/he2/h98/9221809045534.jpg,Nonino,"Nonino Grappa Vendemmia, Riserva di Annata 41% 0.7L",0.7 l (€36.43 / 1 l),€25.50
https://cdn.heinemann-shop.com/images/hc5/h55/9341160980510.jpg,Hauser,Hauser Obstler in flip-top bottle 35% 0.2L,0.2 l (€29.50 / 1 l),from €5.90
https://cdn.heinemann-shop.com/images/h40/h4d/9221419532318.jpg,Nonino,"Grappa Nonino, Cuvée 0.7L 40%, Giftpack",0.7 l (€45.00 / 1 l),€31.50
https://cdn.heinemann-shop.com/images/h19/hf7/9340271132702.jpg,Hauser,Hauser Edelweiß Apple Pear Schnapps 35% 0.2L,0.2 l (€41.50 / 1 l),€8.30
https://cdn.heinemann-shop.com/images/h11/h8b/9338608091166.jpg,Freihof,Freihof Jagertee 40% 0.7L,0.7 l (€16.43 / 1 l),from €11.50
