Image_Path,Brand,Product,Amount,Price
https://cdn.heinemann-shop.com/images/h67/he2/9411362619422.jpg,Mussini,Mussini Aceto Balsamico di Modena I.G.P. 5 Coins 250ml Gold Box,0.25 l (€119.60 / 1 l),from €29.90
https://cdn.heinemann-shop.com/images/hcb/h1a/9411338797086.jpg,Mussini,Mussini Balsamico traditional 12 years 100ml,0.1 l (€690.00 / 1 l),from €69.00
https://cdn.heinemann-shop.com/images/hbd/h64/9047207968798.jpg,Mussini,Mussini Balsamic Glaze Biological 150ml,150 ml (€66.00 / 1000 ml),€ 9.90
https://cdn.heinemann-shop.com/images/h2e/h60/9380883333150.jpg,Piazza Grande,Piazza Grande Balsamic Dressing N° 30 100ml,0.1 l (€670.00 / 1 l),€ 67.00
https://cdn.heinemann-shop.com/images/h67/h51/9330405638174.jpg,Piazza Grande,Piazza Grande Balsamic Dressing N° 4 250ml,250 ml (€7.96 / 100 ml),€ 19.90
https://cdn.heinemann-shop.com/images/h98/h40/8856885985310.jpg,Art of Oil,Art of Oil - Truffle 200ml / Organic Extra Virgin Olive Oil with Smoke Flavour,200 ml (€6.25 / 100 ml),€ 12.50
https://cdn.heinemann-shop.com/images/h64/hf4/8856740855838.jpg,Art of Oil,Art of Oil - Original - 200ml / Organic Extra Virgin Olive Oil,200 ml (€6.25 / 100 ml),€ 12.50
https://cdn.heinemann-shop.com/images/hf8/h4b/8856158502942.jpg,Art of Oil,Art of Oil - Chilli 200ml / Organic Extra Virgin Olive Oil with Chilli,200 ml (€6.25 / 100 ml),€ 12.50
https://cdn.heinemann-shop.com/images/haf/h1c/8856603623454.jpg,Art of Oil,Art of Oil - Truffle 200ml / Organic Extra Virgin Olive Oil with Truffle,200 ml (€6.25 / 100 ml),€ 12.50
https://cdn.heinemann-shop.com/images/h9b/h90/9380844666910.jpg,Borgo de' Medici,"Borgo de Medici extra virgin olive oil in ""old style"" yellow paper 750ml l",0.75 l (€26.53 / 1 l),from €19.90
https://cdn.heinemann-shop.com/images/hc3/h2d/9379149250590.jpg,Cufrol,"Cufrol, A beautiful oil for beautiful people extra virgin olive oill 500mL",500 g (€23.00 / 1000 g),from €11.50
https://cdn.heinemann-shop.com/images/h86/h2d/9338753777694.jpg,Rumpf,Rumpf pumpkin seed oil 0.25L,0.25 l (€51.60 / 1 l),from €12.90
https://cdn.heinemann-shop.com/images/hdd/ha2/9329562648606.jpg,Frescobaldi,Laudemio Olio Extra Vergine di Olivia 0.5L,0.5 l (€53.00 / 1 l),from €26.50
https://cdn.heinemann-shop.com/images/h80/h79/9411363110942.jpg,Mussini,Mussini Balsamic Vinegar of Modena Violetta 250ml,0.25 l (€58.00 / 1 l),from €14.50
https://cdn.heinemann-shop.com/images/h38/hd3/9332412383262.jpg,Mussini,Mussini Aceto Balsamico di Modena I.G.P. 3 coins 250ml Box Bronze,0.25 l (€79.60 / 1 l),€ 19.90
https://cdn.heinemann-shop.com/images/h49/ha7/8924036825118.jpg,Mussini,Mussini Balsamic Traditionale 25 years 100ml,"0.1 l (€1,190.00 / 1 l)",€ 119.00
https://cdn.heinemann-shop.com/images/h1b/h82/9411337289758.jpg,Mussini,Mussini Balsamic Vinegar of Modena Passion 500ml,0.5 l (€33.80 / 1 l),from €16.90
https://cdn.heinemann-shop.com/images/h25/h05/9390199439390.jpg,Bottega,"Bottega olive oil, extra vergine, in ceramic bottle 0.75L Bio",0.75 l (€33.20 / 1 l),€ 24.90
https://cdn.heinemann-shop.com/images/hf6/h11/9332404617246.jpg,Da Vinci,Da Vinci Balsamic Vinegar in golden cylinder 0.25L,0.25 l (€94.00 / 1 l),from €23.50
https://cdn.heinemann-shop.com/images/hcc/h78/9330143854622.jpg,Urbani,Urbani White truffle oil 250ml,0.25 l (€79.60 / 1 l),from €19.90
https://cdn.heinemann-shop.com/images/h52/h30/9331124174878.jpg,La Organic,La Organic olive oil intensive 0.5L Bio,0.5 l (€29.80 / 1 l),from €14.90
https://cdn.heinemann-shop.com/images/hc6/h9e/9340893397022.jpg,Rumpf,Rumpf Pumpkin Seed Oil 0.5L,0.5 l (€43.80 / 1 l),from €21.90
Image is missing,Chili Trade,Chili Trade paprika oil (sweet) 100ml,100 g (€9.90 / 100 g),€ 9.90
Image is missing,Chili Trade,Chili Trade Extra hot chili oil 100ml,100 g (€9.90 / 100 g),€ 9.90
https://cdn.heinemann-shop.com/images/h4c/h2d/9332405567518.jpg,Mussini,Mussini Dark Balsamio (205g),205 g (€30.36 / 250 g),from €24.90
https://cdn.heinemann-shop.com/images/h79/h07/8925315366942.jpg,Château d'Estoublon,"Château d'Estoublon Flacon ""Couture"" Extra Virgin Olive Oil with white box 0.75L",0.75 l (€73.20 / 1 l),from €54.90
https://cdn.heinemann-shop.com/images/h66/h1d/9381042290718.jpg,Piazza Grande,Piazza Grande Fruit Vinegar with Flavour of White Truffle 250ml,200 ml (€82.50 / 1000 ml),€ 16.50
https://cdn.heinemann-shop.com/images/h64/h82/9378557296670.jpg,Cufrol,A beautiful oil for beautiful people extra virgin olive oil 250ml,250 g (€23.60 / 1000 g),from €5.90
https://cdn.heinemann-shop.com/images/h14/h84/9379138633758.jpg,Cufrol,"Buio, extra virgin olive oil 500ml",500 g (€37.80 / 1000 g),from €18.90
https://cdn.heinemann-shop.com/images/h8b/h65/8929132642334.jpg,Piazza Grande,Piazza Grande condiment N°06 CHROME 250ml,250 ml (€7.16 / 100 ml),from €17.90
https://cdn.heinemann-shop.com/images/ha8/h93/8929044168734.jpg,Spitiko,Spitiko Organic Extra Virgin Olive Oil 0.5L,580 g (€42.24 / 1000 g),from €24.50
https://cdn.heinemann-shop.com/images/h7f/h6e/8856455315486.jpg,Art of Oil,Art of Oil - Lemon Garlic 200ml / Organic Extra Virgin Olive Oil with Lemon and Garlic,200 ml (€6.25 / 100 ml),€ 12.50
https://cdn.heinemann-shop.com/images/h92/h92/8856308875294.jpg,Art of Oil,Art of Oil - Rosemary 200ml / Organic Extra Virgin Olive Oil with Rosemary,200 ml (€6.25 / 100 ml),€ 12.50
https://cdn.heinemann-shop.com/images/h00/hf3/9108316127262.jpg,Mussini,Mussini White Condiment Emozione No.12 0.25L,250 l (€0.06 / 1 l),€ 13.90
Image is missing,Cufrol,Cufrol Terre Francescane EGO Oil 0.5L,0.5 l (€31.80 / 1 l),from €15.90
https://cdn.heinemann-shop.com/images/h8e/h55/9429286780958.jpg,Mussini,Mussini Emozione n.12 - Rosè Thick Condiment 250ml,0.3 l (€43.00 / 1 l),€ 12.90
https://cdn.heinemann-shop.com/images/hd8/hd0/9429287534622.jpg,Mussini,Mussini Balsamic Sel gift box 2x100ml,0.2 l (€99.50 / 1 l),€ 19.90
https://cdn.heinemann-shop.com/images/h61/h79/9152376766494.jpg,Reypenaer,Reypenaer VSOP / Chèvre Gris Gift Set 360g,360 g (€69.17 / 1000 g),from €24.90
https://cdn.heinemann-shop.com/images/h40/hd1/9389218922526.jpg,Adler,Adler Black Forest Ham Gift Box 500g,500 g (€27.00 / 1000 g),€ 13.50
https://cdn.heinemann-shop.com/images/hba/ha3/9339684421662.jpg,Bergwild,"Bergwild Gift box incl. 1x deer salami, 1x smoked deer sausage, 1x deer pasty cranberry 400g",400 g (€72.25 / 1000 g),from €28.90
https://cdn.heinemann-shop.com/images/h16/hb8/8924205252638.jpg,Bergkraft,Bergkraft loin bacon,350 g (€56.86 / 1000 g),from €19.90
https://cdn.heinemann-shop.com/images/hbd/h33/8926685331486.jpg,Bortolotti,Bortolotti Italian Salame al Tartufo 400g,400 g (€36.25 / 1000 g),from €14.50
https://cdn.heinemann-shop.com/images/h50/hbc/8933504876574.jpg,Bortolotti,Bortolotti Italian Cacciatore Macinato Fino DOP 250g,250 g (€34.00 / 1000 g),from €8.50
https://cdn.heinemann-shop.com/images/h91/h32/8931150200862.jpg,Bortolotti,Bortolotti Italian Strolghino di Culatello 250g,250 g (€34.00 / 1000 g),from €8.50
https://cdn.heinemann-shop.com/images/hae/h36/9340251930654.jpg,Pick,PICK GP Winter &Paprika Salami 800g,800 g (€32.38 / 1000 g),€ 25.90
https://cdn.heinemann-shop.com/images/hfd/h3c/9340690890782.jpg,Montanari,Montanari & Gruzza Grana Padano cheese 20 month matured 500g wrapped in paper,500 g (€34.60 / 1000 g),€ 17.30
https://cdn.heinemann-shop.com/images/hee/hfd/9390195179550.jpg,Bergkraft,Bergkraft mountain sausage 90g,90 g (€5.44 / 100 g),from €4.90
https://cdn.heinemann-shop.com/images/ha7/hea/9390194720798.jpg,Bergkraft,Bergkraft mountain salami 200g,200 g (€4.95 / 100 g),from €9.90
https://cdn.heinemann-shop.com/images/h17/h1f/9390193803294.jpg,Bergwild,Bergwild Venison salami 300g,300 g (€49.67 / 1000 g),from €14.90
